%% This BibTeX bibliography file was created using BibDesk.
%% http://bibdesk.sourceforge.net/


%% Created for Debtosh Chowdhury at 2017-06-05 17:22:10 +0200 


%% Saved with string encoding Unicode (UTF-8) 



@article{Contino:2010mh,
	Archiveprefix = {arXiv},
	Author = {Contino, Roberto and Grojean, Christophe and Moretti, Mauro and Piccinini, Fulvio and Rattazzi, Riccardo},
	Doi = {10.1007/JHEP05(2010)089},
	Eprint = {1002.1011},
	Journal = {JHEP},
	Pages = {089},
	Primaryclass = {hep-ph},
	Slaccitation = {%%CITATION = ARXIV:1002.1011;%%},
	Title = {{Strong Double Higgs Production at the LHC}},
	Volume = {05},
	Year = {2010},
	Bdsk-Url-1 = {http://dx.doi.org/10.1007/JHEP05(2010)089}}

@article{Azatov:2012bz,
	Archiveprefix = {arXiv},
	Author = {Azatov, Aleksandr and Contino, Roberto and Galloway, Jamison},
	Doi = {10.1007/JHEP04(2012)127, 10.1007/JHEP04(2013)140},
	Eprint = {1202.3415},
	Journal = {JHEP},
	Note = {[Erratum: JHEP04,140(2013)]},
	Pages = {127},
	Primaryclass = {hep-ph},
	Slaccitation = {%%CITATION = ARXIV:1202.3415;%%},
	Title = {{Model-Independent Bounds on a Light Higgs}},
	Volume = {04},
	Year = {2012},
	Bdsk-Url-1 = {http://dx.doi.org/10.1007/JHEP04(2012)127,%2010.1007/JHEP04(2013)140}}

@article{Ginzburg:2005dt,
	Archiveprefix = {arXiv},
	Author = {Ginzburg, I. F. and Ivanov, I. P.},
	Doi = {10.1103/PhysRevD.72.115010},
	Eprint = {hep-ph/0508020},
	Journal = {Phys. Rev.},
	Pages = {115010},
	Primaryclass = {hep-ph},
	Slaccitation = {%%CITATION = HEP-PH/0508020;%%},
	Title = {{Tree-level unitarity constraints in the most general 2HDM}},
	Volume = {D72},
	Year = {2005},
	Bdsk-Url-1 = {http://dx.doi.org/10.1103/PhysRevD.72.115010}}

@article{Baglio:2014nea,
	Archiveprefix = {arXiv},
	Author = {Baglio, Julien and Eberhardt, Otto and Nierste, Ulrich and Wiebusch, Martin},
	Doi = {10.1103/PhysRevD.90.015008},
	Eprint = {1403.1264},
	Journal = {Phys. Rev.},
	Number = {1},
	Pages = {015008},
	Primaryclass = {hep-ph},
	Reportnumber = {TTP14-008, KA-TP-09-2014, SFB-CPP-14-17, IPPP-14-21, DCPT-14-42},
	Slaccitation = {%%CITATION = ARXIV:1403.1264;%%},
	Title = {{Benchmarks for Higgs Pair Production and Heavy Higgs boson Searches in the Two-Higgs-Doublet Model of Type II}},
	Volume = {D90},
	Year = {2014},
	Bdsk-Url-1 = {http://dx.doi.org/10.1103/PhysRevD.90.015008}}

@article{Gunion:1989we,
	Author = {Gunion, John F. and Haber, Howard E. and Kane, Gordon L. and Dawson, Sally},
	Journal = {Front. Phys.},
	Pages = {1-448},
	Reportnumber = {SCIPP-89/13, UCD-89-4, BNL-41644},
	Slaccitation = {%%CITATION = FRPHA,80,1;%%},
	Title = {{The Higgs Hunter's Guide}},
	Volume = {80},
	Year = {2000}}

@article{Khachatryan:2015tha,
	Archiveprefix = {arXiv},
	Author = {Khachatryan, Vardan and others},
	Collaboration = {CMS},
	Eprint = {1510.01181},
	Primaryclass = {hep-ex},
	Reportnumber = {CMS-HIG-14-034, CERN-PH-EP-2015-211},
	Slaccitation = {%%CITATION = ARXIV:1510.01181;%%},
	Title = {{Searches for a heavy scalar boson $ \mathrm{H} $ decaying to a pair of 125 GeV Higgs bosons $ \mathrm{ hh } $ or for a heavy pseudoscalar boson $ \mathrm{A} $ decaying to $ \mathrm{Zh} $, in the final states with $\mathrm{h} \to \tau \tau$}},
	Year = {2015}}

@article{Khachatryan:2015lba,
	Archiveprefix = {arXiv},
	Author = {Khachatryan, Vardan and others},
	Collaboration = {CMS},
	Doi = {10.1016/j.physletb.2015.07.010},
	Eprint = {1504.04710},
	Journal = {Phys. Lett.},
	Pages = {221-243},
	Primaryclass = {hep-ex},
	Reportnumber = {CMS-HIG-14-011, CERN-PH-EP-2015-088},
	Slaccitation = {%%CITATION = ARXIV:1504.04710;%%},
	Title = {{Search for a pseudoscalar boson decaying into a Z boson and the 125 GeV Higgs boson in $\ell^+\ell^- b\overline{b}$ final states}},
	Volume = {B748},
	Year = {2015},
	Bdsk-Url-1 = {http://dx.doi.org/10.1016/j.physletb.2015.07.010}}

@article{Chowdhury:2015yja,
	Archiveprefix = {arXiv},
	Author = {Chowdhury, Debtosh and Eberhardt, Otto},
	Doi = {10.1007/JHEP11(2015)052},
	Eprint = {1503.08216},
	Journal = {JHEP},
	Pages = {052},
	Primaryclass = {hep-ph},
	Slaccitation = {%%CITATION = ARXIV:1503.08216;%%},
	Title = {{Global fits of the two-loop renormalized Two-Higgs-Doublet model with soft Z$_{2}$ breaking}},
	Volume = {11},
	Year = {2015},
	Bdsk-Url-1 = {http://dx.doi.org/10.1007/JHEP11(2015)052}}

@article{Durand:1993vn,
	Archiveprefix = {arXiv},
	Author = {Durand, Loyal and Maher, Peter N. and Riesselmann, Kurt},
	Doi = {10.1103/PhysRevD.48.1084},
	Eprint = {hep-ph/9303234},
	Journal = {Phys.Rev.},
	Pages = {1084-1096},
	Primaryclass = {hep-ph},
	Reportnumber = {MAD-TH-92-7},
	Slaccitation = {%%CITATION = HEP-PH/9303234;%%},
	Title = {{Two loop unitarity constraints on the Higgs boson coupling}},
	Volume = {D48},
	Year = {1993},
	Bdsk-Url-1 = {http://dx.doi.org/10.1103/PhysRevD.48.1084}}

@article{Grinstein:2015rtl,
	Archiveprefix = {arXiv},
	Author = {Grinstein, Benjam\'{{\`I}}n and Murphy, Christopher W. and Uttayarat, Patipan},
	Eprint = {1512.04567},
	Primaryclass = {hep-ph},
	Slaccitation = {%%CITATION = ARXIV:1512.04567;%%},
	Title = {{One-Loop Corrections to the Perturbative Unitarity Bounds in the $CP$-Conserving Two-Higgs Doublet Model with a Softly Broken $\mathbb{Z}_2$ Symmetry}},
	Year = {2015}}

@article{Dumont:2014wha,
	Archiveprefix = {arXiv},
	Author = {Dumont, Beranger and Gunion, John F. and Jiang, Yun and Kraml, Sabine},
	Doi = {10.1103/PhysRevD.90.035021},
	Eprint = {1405.3584},
	Journal = {Phys. Rev.},
	Pages = {035021},
	Primaryclass = {hep-ph},
	Reportnumber = {LPSC14081, UCD-2014-03},
	Slaccitation = {%%CITATION = ARXIV:1405.3584;%%},
	Title = {{Constraints on and future prospects for Two-Higgs-Doublet Models in light of the LHC Higgs signal}},
	Volume = {D90},
	Year = {2014},
	Bdsk-Url-1 = {http://dx.doi.org/10.1103/PhysRevD.90.035021}}

@inproceedings{Haber:1993wf,
	Archiveprefix = {arXiv},
	Author = {Haber, Howard E.},
	Booktitle = {{Theoretical Advanced Study Institute (TASI 92): From Black Holes and Strings to Particles Boulder, Colorado, June 3-28, 1992}},
	Eprint = {hep-ph/9306207},
	Primaryclass = {hep-ph},
	Reportnumber = {SCIPP-92-33, C92-06-03.1},
	Slaccitation = {%%CITATION = HEP-PH/9306207;%%},
	Title = {{Introductory low-energy supersymmetry}},
	Year = {1993}}

@article{Haber:2006ue,
	Archiveprefix = {arXiv},
	Author = {Haber, Howard E. and O'Neil, Deva},
	Doi = {10.1103/PhysRevD.74.015018},
	Eprint = {hep-ph/0602242},
	Journal = {Phys. Rev.},
	Pages = {015018},
	Primaryclass = {hep-ph},
	Reportnumber = {SCIPP-06-01},
	Slaccitation = {%%CITATION = HEP-PH/0602242;%%},
	Title = {{Basis-independent methods for the two-Higgs-doublet model. II. The Significance of tan beta}},
	Volume = {D74},
	Year = {2006},
	Bdsk-Url-1 = {http://dx.doi.org/10.1103/PhysRevD.74.015018}}

@article{Djouadi:1997yw,
	Archiveprefix = {arXiv},
	Author = {Djouadi, A. and Kalinowski, J. and Spira, M.},
	Doi = {10.1016/S0010-4655(97)00123-9},
	Eprint = {hep-ph/9704448},
	Journal = {Comput. Phys. Commun.},
	Pages = {56-74},
	Primaryclass = {hep-ph},
	Reportnumber = {DESY-97-079, IFT-96-29, PM-97-04},
	Slaccitation = {%%CITATION = HEP-PH/9704448;%%},
	Title = {{HDECAY: A Program for Higgs boson decays in the standard model and its supersymmetric extension}},
	Volume = {108},
	Year = {1998},
	Bdsk-Url-1 = {http://dx.doi.org/10.1016/S0010-4655(97)00123-9}}

@article{Lee:1973iz,
	Author = {Lee, T.D.},
	Doi = {10.1103/PhysRevD.8.1226},
	Journal = {Phys.Rev.},
	Pages = {1226-1239},
	Slaccitation = {%%CITATION = PHRVA,D8,1226;%%},
	Title = {{A Theory of Spontaneous T Violation}},
	Volume = {D8},
	Year = {1973},
	Bdsk-Url-1 = {http://dx.doi.org/10.1103/PhysRevD.8.1226}}

@article{Harlander:2012pb,
	Archiveprefix = {arXiv},
	Author = {Harlander, Robert V. and Liebler, Stefan and Mantler, Hendrik},
	Doi = {10.1016/j.cpc.2013.02.006},
	Eprint = {1212.3249},
	Journal = {Comput. Phys. Commun.},
	Pages = {1605-1617},
	Primaryclass = {hep-ph},
	Reportnumber = {WUB-12-28, LPN12-134},
	Slaccitation = {%%CITATION = ARXIV:1212.3249;%%},
	Title = {{SusHi: A program for the calculation of Higgs production in gluon fusion and bottom-quark annihilation in the Standard Model and the MSSM}},
	Volume = {184},
	Year = {2013},
	Bdsk-Url-1 = {http://dx.doi.org/10.1016/j.cpc.2013.02.006}}

@article{Huffel:1980sk,
	Author = {Huffel, H. and Pocsik, G.},
	Doi = {10.1007/BF01429824},
	Journal = {Z.Phys.},
	Pages = {13},
	Reportnumber = {UWTHPH-80-20},
	Slaccitation = {%%CITATION = ZEPYA,C8,13;%%},
	Title = {{Unitarity Bounds on Higgs Boson Masses in the {Weinberg-Salam} Model With Two Higgs Doublets}},
	Volume = {C8},
	Year = {1981},
	Bdsk-Url-1 = {http://dx.doi.org/10.1007/BF01429824}}

@article{Fargnoli:2013zia,
	Archiveprefix = {arXiv},
	Author = {Fargnoli, Helvecio and Gnendiger, Christoph and Pa{\ss}ehr, Sebastian and St{\"o}ckinger, Dominik and St{\"o}ckinger-Kim, Hyejung},
	Date-Added = {2016-06-03 11:25:41 +0000},
	Date-Modified = {2016-06-03 11:25:41 +0000},
	Doi = {10.1007/JHEP02(2014)070},
	Eprint = {1311.1775},
	Journal = {JHEP},
	Pages = {070},
	Primaryclass = {hep-ph},
	Slaccitation = {%%CITATION = ARXIV:1311.1775;%%},
	Title = {{Two-loop corrections to the muon magnetic moment from fermion/sfermion loops in the MSSM: detailed results}},
	Volume = {02},
	Year = {2014},
	Bdsk-Url-1 = {http://dx.doi.org/10.1007/JHEP02(2014)070}}

@article{Chattopadhyay:1995ae,
	Archiveprefix = {arXiv},
	Author = {Chattopadhyay, U. and Nath, Pran},
	Date-Added = {2016-06-03 11:25:41 +0000},
	Date-Modified = {2016-06-03 11:25:41 +0000},
	Doi = {10.1103/PhysRevD.53.1648},
	Eprint = {hep-ph/9507386},
	Journal = {Phys. Rev.},
	Pages = {1648-1657},
	Primaryclass = {hep-ph},
	Reportnumber = {NSF-ITP-95-64, NUB-TH-3125-95},
	Slaccitation = {%%CITATION = HEP-PH/9507386;%%},
	Title = {{Probing supergravity grand unification in the Brookhaven g-2 experiment}},
	Volume = {D53},
	Year = {1996},
	Bdsk-Url-1 = {http://dx.doi.org/10.1103/PhysRevD.53.1648}}

@article{Moroi:1995yh,
	Archiveprefix = {arXiv},
	Author = {Moroi, Takeo},
	Date-Added = {2016-06-03 11:25:41 +0000},
	Date-Modified = {2016-06-03 11:25:41 +0000},
	Doi = {10.1103/PhysRevD.53.6565, 10.1103/PhysRevD.56.4424},
	Eprint = {hep-ph/9512396},
	Journal = {Phys. Rev.},
	Note = {[Erratum: Phys. Rev.D56,4424(1997)]},
	Pages = {6565-6575},
	Primaryclass = {hep-ph},
	Reportnumber = {LBL-38099},
	Slaccitation = {%%CITATION = HEP-PH/9512396;%%},
	Title = {{The Muon anomalous magnetic dipole moment in the minimal supersymmetric standard model}},
	Volume = {D53},
	Year = {1996},
	Bdsk-Url-1 = {http://dx.doi.org/10.1103/PhysRevD.53.6565,%2010.1103/PhysRevD.56.4424}}

@article{Arganda:2005ji,
	Archiveprefix = {arXiv},
	Author = {Arganda, Ernesto and Herrero, Maria J.},
	Date-Added = {2016-06-03 11:25:41 +0000},
	Date-Modified = {2016-06-03 11:25:41 +0000},
	Doi = {10.1103/PhysRevD.73.055003},
	Eprint = {hep-ph/0510405},
	Journal = {Phys. Rev.},
	Pages = {055003},
	Primaryclass = {hep-ph},
	Reportnumber = {FTUAM-05-16, IFT-UAM-CSIC-05-45},
	Slaccitation = {%%CITATION = HEP-PH/0510405;%%},
	Title = {{Testing supersymmetry with lepton flavor violating tau and mu decays}},
	Volume = {D73},
	Year = {2006},
	Bdsk-Url-1 = {http://dx.doi.org/10.1103/PhysRevD.73.055003}}

@article{Stockinger:2006zn,
	Archiveprefix = {arXiv},
	Author = {Stockinger, Dominik},
	Date-Added = {2016-06-03 11:25:41 +0000},
	Date-Modified = {2016-06-03 11:25:41 +0000},
	Doi = {10.1088/0954-3899/34/2/R01},
	Eprint = {hep-ph/0609168},
	Journal = {J. Phys.},
	Pages = {R45-R92},
	Primaryclass = {hep-ph},
	Reportnumber = {EDINBURGH-2006-22},
	Slaccitation = {%%CITATION = HEP-PH/0609168;%%},
	Title = {{The Muon Magnetic Moment and Supersymmetry}},
	Volume = {G34},
	Year = {2007},
	Bdsk-Url-1 = {http://dx.doi.org/10.1088/0954-3899/34/2/R01}}

@article{Marchetti:2008hw,
	Archiveprefix = {arXiv},
	Author = {Marchetti, Schedar and Mertens, Susanne and Nierste, Ulrich and Stockinger, Dominik},
	Date-Added = {2016-06-03 11:25:41 +0000},
	Date-Modified = {2016-06-03 11:25:41 +0000},
	Doi = {10.1103/PhysRevD.79.013010},
	Eprint = {0808.1530},
	Journal = {Phys. Rev.},
	Pages = {013010},
	Primaryclass = {hep-ph},
	Reportnumber = {TTP08-35, SFB-CPP-08-58},
	Slaccitation = {%%CITATION = ARXIV:0808.1530;%%},
	Title = {{Tan(beta)-enhanced supersymmetric corrections to the anomalous magnetic moment of the muon}},
	Volume = {D79},
	Year = {2009},
	Bdsk-Url-1 = {http://dx.doi.org/10.1103/PhysRevD.79.013010}}

@article{Degrassi:1998es,
	Archiveprefix = {arXiv},
	Author = {Degrassi, G. and Giudice, G. F.},
	Date-Added = {2016-06-03 11:25:41 +0000},
	Date-Modified = {2016-06-03 11:25:41 +0000},
	Doi = {10.1103/PhysRevD.58.053007},
	Eprint = {hep-ph/9803384},
	Journal = {Phys. Rev.},
	Pages = {053007},
	Primaryclass = {hep-ph},
	Reportnumber = {CERN-TH-98-086, CERN-TH-98-86},
	Slaccitation = {%%CITATION = HEP-PH/9803384;%%},
	Title = {{QED logarithms in the electroweak corrections to the muon anomalous magnetic moment}},
	Volume = {D58},
	Year = {1998},
	Bdsk-Url-1 = {http://dx.doi.org/10.1103/PhysRevD.58.053007}}

@article{vonWeitershausen:2010zr,
	Archiveprefix = {arXiv},
	Author = {von Weitershausen, P. and Schafer, M. and Stockinger-Kim, H. and Stockinger, D.},
	Date-Added = {2016-06-03 11:25:41 +0000},
	Date-Modified = {2016-06-03 11:25:41 +0000},
	Doi = {10.1103/PhysRevD.81.093004},
	Eprint = {1003.5820},
	Journal = {Phys. Rev.},
	Pages = {093004},
	Primaryclass = {hep-ph},
	Slaccitation = {%%CITATION = ARXIV:1003.5820;%%},
	Title = {{Photonic SUSY Two-Loop Corrections to the Muon Magnetic Moment}},
	Volume = {D81},
	Year = {2010},
	Bdsk-Url-1 = {http://dx.doi.org/10.1103/PhysRevD.81.093004}}

@article{Georgi:1974sy,
	Author = {Georgi, H. and Glashow, S. L.},
	Date-Added = {2016-06-03 11:25:41 +0000},
	Date-Modified = {2016-06-03 11:25:41 +0000},
	Doi = {10.1103/PhysRevLett.32.438},
	Journal = {Phys. Rev. Lett.},
	Pages = {438-441},
	Slaccitation = {%%CITATION = PRLTA,32,438;%%},
	Title = {{Unity of All Elementary Particle Forces}},
	Volume = {32},
	Year = {1974},
	Bdsk-Url-1 = {http://dx.doi.org/10.1103/PhysRevLett.32.438}}

@article{Pati:1974yy,
	Author = {Pati, Jogesh C. and Salam, Abdus},
	Date-Added = {2016-06-03 11:25:41 +0000},
	Date-Modified = {2016-06-03 11:25:41 +0000},
	Doi = {10.1103/PhysRevD.10.275, 10.1103/PhysRevD.11.703.2},
	Journal = {Phys. Rev.},
	Note = {[Erratum: Phys. Rev.D11,703(1975)]},
	Pages = {275-289},
	Reportnumber = {IC-74-7},
	Slaccitation = {%%CITATION = PHRVA,D10,275;%%},
	Title = {{Lepton Number as the Fourth Color}},
	Volume = {D10},
	Year = {1974},
	Bdsk-Url-1 = {http://dx.doi.org/10.1103/PhysRevD.10.275,%2010.1103/PhysRevD.11.703.2}}

@article{Okada:1990vk,
	Author = {Okada, Yasuhiro and Yamaguchi, Masahiro and Yanagida, Tsutomu},
	Date-Added = {2016-06-03 11:25:41 +0000},
	Date-Modified = {2016-06-03 11:25:41 +0000},
	Doi = {10.1143/PTP.85.1},
	Journal = {Prog. Theor. Phys.},
	Pages = {1-6},
	Reportnumber = {TU-360-REV, TU-360},
	Slaccitation = {%%CITATION = PTPKA,85,1;%%},
	Title = {{Upper bound of the lightest Higgs boson mass in the minimal supersymmetric standard model}},
	Volume = {85},
	Year = {1991},
	Bdsk-Url-1 = {http://dx.doi.org/10.1143/PTP.85.1}}

@article{Ellis:1990nz,
	Author = {Ellis, John R. and Ridolfi, Giovanni and Zwirner, Fabio},
	Date-Added = {2016-06-03 11:25:41 +0000},
	Date-Modified = {2016-06-03 11:25:41 +0000},
	Doi = {10.1016/0370-2693(91)90863-L},
	Journal = {Phys. Lett.},
	Pages = {83-91},
	Reportnumber = {CERN-TH-5946-90, GEF-TH-26-1990},
	Slaccitation = {%%CITATION = PHLTA,B257,83;%%},
	Title = {{Radiative corrections to the masses of supersymmetric Higgs bosons}},
	Volume = {B257},
	Year = {1991},
	Bdsk-Url-1 = {http://dx.doi.org/10.1016/0370-2693(91)90863-L}}

@article{Haber:1990aw,
	Author = {Haber, Howard E. and Hempfling, Ralf},
	Date-Added = {2016-06-03 11:25:41 +0000},
	Date-Modified = {2016-06-03 11:25:41 +0000},
	Doi = {10.1103/PhysRevLett.66.1815},
	Journal = {Phys. Rev. Lett.},
	Pages = {1815-1818},
	Reportnumber = {SCIPP-90-42},
	Slaccitation = {%%CITATION = PRLTA,66,1815;%%},
	Title = {{Can the mass of the lightest Higgs boson of the minimal supersymmetric model be larger than m(Z)?}},
	Volume = {66},
	Year = {1991},
	Bdsk-Url-1 = {http://dx.doi.org/10.1103/PhysRevLett.66.1815}}

@article{Barenboim:2000ev,
	Archiveprefix = {arXiv},
	Author = {Barenboim, G. and Huitu, K. and Raidal, M.},
	Date-Added = {2016-06-03 11:25:41 +0000},
	Date-Modified = {2016-06-03 11:25:41 +0000},
	Doi = {10.1103/PhysRevD.63.055006},
	Eprint = {hep-ph/0005159},
	Journal = {Phys. Rev.},
	Pages = {055006},
	Primaryclass = {hep-ph},
	Reportnumber = {UCRHEP-T276, HIP-2000-23-TH, MZ-TH-00-20},
	Slaccitation = {%%CITATION = HEP-PH/0005159;%%},
	Title = {{Flavor violation in SUSY SU(5) GUT at large tan beta}},
	Volume = {D63},
	Year = {2001},
	Bdsk-Url-1 = {http://dx.doi.org/10.1103/PhysRevD.63.055006}}

@article{Borzumati:1986qx,
	Author = {Borzumati, Francesca and Masiero, Antonio},
	Date-Added = {2016-06-03 11:25:41 +0000},
	Date-Modified = {2016-06-03 11:25:41 +0000},
	Doi = {10.1103/PhysRevLett.57.961},
	Journal = {Phys. Rev. Lett.},
	Pages = {961},
	Reportnumber = {NYU/TR4/86},
	Slaccitation = {%%CITATION = PRLTA,57,961;%%},
	Title = {{Large Muon and electron Number Violations in Supergravity Theories}},
	Volume = {57},
	Year = {1986},
	Bdsk-Url-1 = {http://dx.doi.org/10.1103/PhysRevLett.57.961}}

@article{Barbieri:1995tw,
	Archiveprefix = {arXiv},
	Author = {Barbieri, Riccardo and Hall, Lawrence J. and Strumia, Alessandro},
	Date-Added = {2016-06-03 11:25:41 +0000},
	Date-Modified = {2016-06-03 11:25:41 +0000},
	Doi = {10.1016/0550-3213(95)00208-A},
	Eprint = {hep-ph/9501334},
	Journal = {Nucl. Phys.},
	Pages = {219-251},
	Primaryclass = {hep-ph},
	Reportnumber = {IFUP-TH-72-94, UCB-PTH-94-29, LBL-36381},
	Slaccitation = {%%CITATION = HEP-PH/9501334;%%},
	Title = {{Violations of lepton flavor and CP in supersymmetric unified theories}},
	Volume = {B445},
	Year = {1995},
	Bdsk-Url-1 = {http://dx.doi.org/10.1016/0550-3213(95)00208-A}}

@article{Hisano:1995nq,
	Archiveprefix = {arXiv},
	Author = {Hisano, J. and Moroi, T. and Tobe, K. and Yamaguchi, Masahiro and Yanagida, T.},
	Date-Added = {2016-06-03 11:25:41 +0000},
	Date-Modified = {2016-06-03 11:25:41 +0000},
	Doi = {10.1016/0370-2693(95)00954-J},
	Eprint = {hep-ph/9501407},
	Journal = {Phys. Lett.},
	Pages = {579-587},
	Primaryclass = {hep-ph},
	Reportnumber = {TU-476},
	Slaccitation = {%%CITATION = HEP-PH/9501407;%%},
	Title = {{Lepton flavor violation in the supersymmetric standard model with seesaw induced neutrino masses}},
	Volume = {B357},
	Year = {1995},
	Bdsk-Url-1 = {http://dx.doi.org/10.1016/0370-2693(95)00954-J}}

@article{Hisano:1995cp,
	Archiveprefix = {arXiv},
	Author = {Hisano, J. and Moroi, T. and Tobe, K. and Yamaguchi, Masahiro},
	Date-Added = {2016-06-03 11:25:41 +0000},
	Date-Modified = {2016-06-03 11:25:41 +0000},
	Doi = {10.1103/PhysRevD.53.2442},
	Eprint = {hep-ph/9510309},
	Journal = {Phys. Rev.},
	Pages = {2442-2459},
	Primaryclass = {hep-ph},
	Reportnumber = {TIT-HEP-304, NSF-ITP-95-127, KEK-TH-450, LBL-37816, UT-727, TU-491},
	Slaccitation = {%%CITATION = HEP-PH/9510309;%%},
	Title = {{Lepton flavor violation via right-handed neutrino Yukawa couplings in supersymmetric standard model}},
	Volume = {D53},
	Year = {1996},
	Bdsk-Url-1 = {http://dx.doi.org/10.1103/PhysRevD.53.2442}}

@article{Moroi:2000tk,
	Archiveprefix = {arXiv},
	Author = {Moroi, Takeo},
	Date-Added = {2016-06-03 11:25:41 +0000},
	Date-Modified = {2016-06-03 11:25:41 +0000},
	Doi = {10.1016/S0370-2693(00)01160-6},
	Eprint = {hep-ph/0007328},
	Journal = {Phys. Lett.},
	Pages = {366-374},
	Primaryclass = {hep-ph},
	Reportnumber = {TU-599, RCNS-00-01},
	Slaccitation = {%%CITATION = HEP-PH/0007328;%%},
	Title = {{CP violation in B(d) ---> phi K(S)in SUSY GUT with right-handed neutrinos}},
	Volume = {B493},
	Year = {2000},
	Bdsk-Url-1 = {http://dx.doi.org/10.1016/S0370-2693(00)01160-6}}

@article{Moroi:2000mr,
	Archiveprefix = {arXiv},
	Author = {Moroi, Takeo},
	Date-Added = {2016-06-03 11:25:41 +0000},
	Date-Modified = {2016-06-03 11:25:41 +0000},
	Doi = {10.1088/1126-6708/2000/03/019},
	Eprint = {hep-ph/0002208},
	Journal = {JHEP},
	Pages = {019},
	Primaryclass = {hep-ph},
	Reportnumber = {IASSNS-HEP-00-12},
	Slaccitation = {%%CITATION = HEP-PH/0002208;%%},
	Title = {{Effects of the right-handed neutrinos on Delta S = 2 and Delta B = 2 processes in supersymmetric SU(5) model}},
	Volume = {03},
	Year = {2000},
	Bdsk-Url-1 = {http://dx.doi.org/10.1088/1126-6708/2000/03/019}}

@article{Murayama:1994tc,
	Archiveprefix = {arXiv},
	Author = {Murayama, Hitoshi and Kaplan, D. B.},
	Date-Added = {2016-06-03 11:25:41 +0000},
	Date-Modified = {2016-06-03 11:25:41 +0000},
	Doi = {10.1016/0370-2693(94)90242-9},
	Eprint = {hep-ph/9406423},
	Journal = {Phys. Lett.},
	Pages = {221-228},
	Primaryclass = {hep-ph},
	Reportnumber = {NSF-ITP-94-69, LBL-35807, DOE-ER-40561-148, INT-94-00-61},
	Slaccitation = {%%CITATION = HEP-PH/9406423;%%},
	Title = {{Family symmetries and proton decay}},
	Volume = {B336},
	Year = {1994},
	Bdsk-Url-1 = {http://dx.doi.org/10.1016/0370-2693(94)90242-9}}

@article{Harnik:2004yp,
	Archiveprefix = {arXiv},
	Author = {Harnik, Roni and Larson, Daniel T. and Murayama, Hitoshi and Thormeier, Marc},
	Date-Added = {2016-06-03 11:25:41 +0000},
	Date-Modified = {2016-06-03 11:25:41 +0000},
	Doi = {10.1016/j.nuclphysb.2004.11.010},
	Eprint = {hep-ph/0404260},
	Journal = {Nucl. Phys.},
	Pages = {372-390},
	Primaryclass = {hep-ph},
	Reportnumber = {LBNL-54961},
	Slaccitation = {%%CITATION = HEP-PH/0404260;%%},
	Title = {{Probing the Planck scale with proton decay}},
	Volume = {B706},
	Year = {2005},
	Bdsk-Url-1 = {http://dx.doi.org/10.1016/j.nuclphysb.2004.11.010}}

@article{Inoue:1991rk,
	Author = {Inoue, K. and Kawasaki, M. and Yamaguchi, Masahiro and Yanagida, T.},
	Date-Added = {2016-06-03 11:25:41 +0000},
	Date-Modified = {2016-06-03 11:25:41 +0000},
	Doi = {10.1103/PhysRevD.45.328},
	Journal = {Phys. Rev.},
	Pages = {328-337},
	Reportnumber = {TU-373},
	Slaccitation = {%%CITATION = PHRVA,D45,328;%%},
	Title = {{Vanishing squark and slepton masses in a class of supergravity models}},
	Volume = {D45},
	Year = {1992},
	Bdsk-Url-1 = {http://dx.doi.org/10.1103/PhysRevD.45.328}}

@article{Kaplan:1999ac,
	Archiveprefix = {arXiv},
	Author = {Kaplan, D. Elazzar and Kribs, Graham D. and Schmaltz, Martin},
	Date-Added = {2016-06-03 11:25:41 +0000},
	Date-Modified = {2016-06-03 11:25:41 +0000},
	Doi = {10.1103/PhysRevD.62.035010},
	Eprint = {hep-ph/9911293},
	Journal = {Phys. Rev.},
	Pages = {035010},
	Primaryclass = {hep-ph},
	Reportnumber = {SLAC-PUB-8291, FERMILAB-PUB-99-327-T, ANL-HEP-PR-99-110, EFI-99-48},
	Slaccitation = {%%CITATION = HEP-PH/9911293;%%},
	Title = {{Supersymmetry breaking through transparent extra dimensions}},
	Volume = {D62},
	Year = {2000},
	Bdsk-Url-1 = {http://dx.doi.org/10.1103/PhysRevD.62.035010}}

@article{Chacko:1999mi,
	Archiveprefix = {arXiv},
	Author = {Chacko, Z. and Luty, Markus A. and Nelson, Ann E. and Ponton, Eduardo},
	Date-Added = {2016-06-03 11:25:41 +0000},
	Date-Modified = {2016-06-03 11:25:41 +0000},
	Doi = {10.1088/1126-6708/2000/01/003},
	Eprint = {hep-ph/9911323},
	Journal = {JHEP},
	Pages = {003},
	Primaryclass = {hep-ph},
	Reportnumber = {UMD-PP-00-040, UW-PT-99-26},
	Slaccitation = {%%CITATION = HEP-PH/9911323;%%},
	Title = {{Gaugino mediated supersymmetry breaking}},
	Volume = {01},
	Year = {2000},
	Bdsk-Url-1 = {http://dx.doi.org/10.1088/1126-6708/2000/01/003}}

@article{Chacko:1998si,
	Archiveprefix = {arXiv},
	Author = {Chacko, Z. and Luty, Markus A. and Ponton, Eduardo},
	Date-Added = {2016-06-03 11:25:41 +0000},
	Date-Modified = {2016-06-03 11:25:41 +0000},
	Doi = {10.1088/1126-6708/1998/12/016},
	Eprint = {hep-th/9810253},
	Journal = {JHEP},
	Pages = {016},
	Primaryclass = {hep-th},
	Reportnumber = {UMD-PP-99-040},
	Slaccitation = {%%CITATION = HEP-TH/9810253;%%},
	Title = {{Calculable dynamical supersymmetry breaking on deformed moduli spaces}},
	Volume = {12},
	Year = {1998},
	Bdsk-Url-1 = {http://dx.doi.org/10.1088/1126-6708/1998/12/016}}

@article{Seiberg:1994bz,
	Archiveprefix = {arXiv},
	Author = {Seiberg, Nathan},
	Date-Added = {2016-06-03 11:25:41 +0000},
	Date-Modified = {2016-06-03 11:25:41 +0000},
	Doi = {10.1103/PhysRevD.49.6857},
	Eprint = {hep-th/9402044},
	Journal = {Phys. Rev.},
	Pages = {6857-6863},
	Primaryclass = {hep-th},
	Reportnumber = {RU-94-18},
	Slaccitation = {%%CITATION = HEP-TH/9402044;%%},
	Title = {{Exact results on the space of vacua of four-dimensional SUSY gauge theories}},
	Volume = {D49},
	Year = {1994},
	Bdsk-Url-1 = {http://dx.doi.org/10.1103/PhysRevD.49.6857}}

@article{01Intriligator:1996pu,
	Archiveprefix = {arXiv},
	Author = {Intriligator, Kenneth A. and Thomas, Scott D.},
	Date-Added = {2016-06-03 11:25:41 +0000},
	Date-Modified = {2016-06-03 11:25:41 +0000},
	Doi = {10.1016/0550-3213(96)00261-1},
	Eprint = {hep-th/9603158},
	Journal = {Nucl. Phys.},
	Pages = {121-142},
	Primaryclass = {hep-th},
	Reportnumber = {SLAC-PUB-7041, SLAC-PUB-95-7041, IASSNS-HEP-95-114, NSF-ITP-95-149},
	Slaccitation = {%%CITATION = HEP-TH/9603158;%%},
	Title = {{Dynamical supersymmetry breaking on quantum moduli spaces}},
	Volume = {B473},
	Year = {1996},
	Bdsk-Url-1 = {http://dx.doi.org/10.1016/0550-3213(96)00261-1}}

@article{00Izawa:1996pk,
	Archiveprefix = {arXiv},
	Author = {Izawa, Ken-Iti and Yanagida, Tsutomu},
	Date-Added = {2016-06-03 11:25:41 +0000},
	Date-Modified = {2016-06-03 11:25:41 +0000},
	Doi = {10.1143/PTP.95.829},
	Eprint = {hep-th/9602180},
	Journal = {Prog. Theor. Phys.},
	Pages = {829-830},
	Primaryclass = {hep-th},
	Reportnumber = {UT-741},
	Slaccitation = {%%CITATION = HEP-TH/9602180;%%},
	Title = {{Dynamical supersymmetry breaking in vector - like gauge theories}},
	Volume = {95},
	Year = {1996},
	Bdsk-Url-1 = {http://dx.doi.org/10.1143/PTP.95.829}}

@article{ArkaniHamed:1997mj,
	Archiveprefix = {arXiv},
	Author = {Arkani-Hamed, Nima and Murayama, Hitoshi},
	Date-Added = {2016-06-03 11:25:41 +0000},
	Date-Modified = {2016-06-03 11:25:41 +0000},
	Doi = {10.1088/1126-6708/2000/06/030},
	Eprint = {hep-th/9707133},
	Journal = {JHEP},
	Pages = {030},
	Primaryclass = {hep-th},
	Reportnumber = {LBL-40460, LBNL-40460, UCB-PTH-97-38},
	Slaccitation = {%%CITATION = HEP-TH/9707133;%%},
	Title = {{Holomorphy, rescaling anomalies and exact beta functions in supersymmetric gauge theories}},
	Volume = {06},
	Year = {2000},
	Bdsk-Url-1 = {http://dx.doi.org/10.1088/1126-6708/2000/06/030}}

@article{Giudice:1997ni,
	Archiveprefix = {arXiv},
	Author = {Giudice, G. F. and Rattazzi, R.},
	Date-Added = {2016-06-03 11:25:41 +0000},
	Date-Modified = {2016-06-03 11:25:41 +0000},
	Doi = {10.1016/S0550-3213(97)00647-0},
	Eprint = {hep-ph/9706540},
	Journal = {Nucl. Phys.},
	Pages = {25-44},
	Primaryclass = {hep-ph},
	Reportnumber = {CERN-TH-97-145},
	Slaccitation = {%%CITATION = HEP-PH/9706540;%%},
	Title = {{Extracting supersymmetry breaking effects from wave function renormalization}},
	Volume = {B511},
	Year = {1998},
	Bdsk-Url-1 = {http://dx.doi.org/10.1016/S0550-3213(97)00647-0}}

@article{Dine:2006gm,
	Archiveprefix = {arXiv},
	Author = {Dine, Michael and Feng, Jonathan L. and Silverstein, Eva},
	Date-Added = {2016-06-03 11:25:41 +0000},
	Date-Modified = {2016-06-03 11:25:41 +0000},
	Doi = {10.1103/PhysRevD.74.095012},
	Eprint = {hep-th/0608159},
	Journal = {Phys. Rev.},
	Pages = {095012},
	Primaryclass = {hep-th},
	Reportnumber = {SU-ITP-06-22, SLAC-PUB-12059, UCI-TR-2006-14},
	Slaccitation = {%%CITATION = HEP-TH/0608159;%%},
	Title = {{Retrofitting O'Raifeartaigh models with dynamical scales}},
	Volume = {D74},
	Year = {2006},
	Bdsk-Url-1 = {http://dx.doi.org/10.1103/PhysRevD.74.095012}}

@article{Hahn:2013ria,
	Archiveprefix = {arXiv},
	Author = {Hahn, T. and Heinemeyer, S. and Hollik, W. and Rzehak, H. and Weiglein, G.},
	Date-Added = {2016-06-03 11:25:41 +0000},
	Date-Modified = {2016-06-03 11:25:41 +0000},
	Doi = {10.1103/PhysRevLett.112.141801},
	Eprint = {1312.4937},
	Journal = {Phys. Rev. Lett.},
	Number = {14},
	Pages = {141801},
	Primaryclass = {hep-ph},
	Reportnumber = {DESY-13-248, FR-PHENO-2013-018, MPP-2013-317},
	Slaccitation = {%%CITATION = ARXIV:1312.4937;%%},
	Title = {{High-Precision Predictions for the Light CP -Even Higgs Boson Mass of the Minimal Supersymmetric Standard Model}},
	Volume = {112},
	Year = {2014},
	Bdsk-Url-1 = {http://dx.doi.org/10.1103/PhysRevLett.112.141801}}

@article{Frank:2006yh,
	Archiveprefix = {arXiv},
	Author = {Frank, M. and Hahn, T. and Heinemeyer, S. and Hollik, W. and Rzehak, H. and Weiglein, G.},
	Date-Added = {2016-06-03 11:25:41 +0000},
	Date-Modified = {2016-06-03 11:25:41 +0000},
	Doi = {10.1088/1126-6708/2007/02/047},
	Eprint = {hep-ph/0611326},
	Journal = {JHEP},
	Pages = {047},
	Primaryclass = {hep-ph},
	Reportnumber = {DCPT-06-160, IPPP-06-80, MPP-2006-158, PSI-PR-06-14},
	Slaccitation = {%%CITATION = HEP-PH/0611326;%%},
	Title = {{The Higgs Boson Masses and Mixings of the Complex MSSM in the Feynman-Diagrammatic Approach}},
	Volume = {02},
	Year = {2007},
	Bdsk-Url-1 = {http://dx.doi.org/10.1088/1126-6708/2007/02/047}}

@article{Degrassi:2002fi,
	Archiveprefix = {arXiv},
	Author = {Degrassi, G. and Heinemeyer, S. and Hollik, W. and Slavich, P. and Weiglein, G.},
	Date-Added = {2016-06-03 11:25:41 +0000},
	Date-Modified = {2016-06-03 11:25:41 +0000},
	Doi = {10.1140/epjc/s2003-01152-2},
	Eprint = {hep-ph/0212020},
	Journal = {Eur. Phys. J.},
	Pages = {133-143},
	Primaryclass = {hep-ph},
	Reportnumber = {DCPT-02-126, IPPP-02-63, LMU-11-02, MPI-PHT-2002-73, RM3-TH-02-19},
	Slaccitation = {%%CITATION = HEP-PH/0212020;%%},
	Title = {{Towards high precision predictions for the MSSM Higgs sector}},
	Volume = {C28},
	Year = {2003},
	Bdsk-Url-1 = {http://dx.doi.org/10.1140/epjc/s2003-01152-2}}

@article{Heinemeyer:1998np,
	Archiveprefix = {arXiv},
	Author = {Heinemeyer, S. and Hollik, W. and Weiglein, G.},
	Date-Added = {2016-06-03 11:25:41 +0000},
	Date-Modified = {2016-06-03 11:25:41 +0000},
	Doi = {10.1007/s100529900006},
	Eprint = {hep-ph/9812472},
	Journal = {Eur. Phys. J.},
	Pages = {343-366},
	Primaryclass = {hep-ph},
	Reportnumber = {KA-TP-17-1998, DESY-98-194, CERN-TH-98-405},
	Slaccitation = {%%CITATION = HEP-PH/9812472;%%},
	Title = {{The Masses of the neutral CP - even Higgs bosons in the MSSM: Accurate analysis at the two loop level}},
	Volume = {C9},
	Year = {1999},
	Bdsk-Url-1 = {http://dx.doi.org/10.1007/s100529900006}}

@article{Heinemeyer:1998yj,
	Archiveprefix = {arXiv},
	Author = {Heinemeyer, S. and Hollik, W. and Weiglein, G.},
	Date-Added = {2016-06-03 11:25:41 +0000},
	Date-Modified = {2016-06-03 11:25:41 +0000},
	Doi = {10.1016/S0010-4655(99)00364-1},
	Eprint = {hep-ph/9812320},
	Journal = {Comput. Phys. Commun.},
	Pages = {76-89},
	Primaryclass = {hep-ph},
	Reportnumber = {KA-TP-16-1998, DESY-98-193, CERN-TH-98-389},
	Slaccitation = {%%CITATION = HEP-PH/9812320;%%},
	Title = {{FeynHiggs: A Program for the calculation of the masses of the neutral CP even Higgs bosons in the MSSM}},
	Volume = {124},
	Year = {2000},
	Bdsk-Url-1 = {http://dx.doi.org/10.1016/S0010-4655(99)00364-1}}

@article{AlvarezGaume:1981wy,
	Author = {Alvarez-Gaume, Luis and Claudson, Mark and Wise, Mark B.},
	Date-Added = {2016-06-03 11:25:41 +0000},
	Date-Modified = {2016-06-03 11:25:41 +0000},
	Doi = {10.1016/0550-3213(82)90138-9},
	Journal = {Nucl. Phys.},
	Pages = {96},
	Reportnumber = {HUTP-81-A063},
	Slaccitation = {%%CITATION = NUPHA,B207,96;%%},
	Title = {{Low-Energy Supersymmetry}},
	Volume = {B207},
	Year = {1982},
	Bdsk-Url-1 = {http://dx.doi.org/10.1016/0550-3213(82)90138-9}}

@article{Nappi:1982hm,
	Author = {Nappi, Chiara R. and Ovrut, Burt A.},
	Date-Added = {2016-06-03 11:25:41 +0000},
	Date-Modified = {2016-06-03 11:25:41 +0000},
	Doi = {10.1016/0370-2693(82)90418-X},
	Journal = {Phys. Lett.},
	Pages = {175},
	Reportnumber = {PRINT-82-0093 (IAS,PRINCETON)},
	Slaccitation = {%%CITATION = PHLTA,B113,175;%%},
	Title = {{Supersymmetric Extension of the SU(3) x SU(2) x U(1) Model}},
	Volume = {B113},
	Year = {1982},
	Bdsk-Url-1 = {http://dx.doi.org/10.1016/0370-2693(82)90418-X}}

@article{Dine:1981gu,
	Author = {Dine, Michael and Fischler, Willy},
	Date-Added = {2016-06-03 11:25:41 +0000},
	Date-Modified = {2016-06-03 11:25:41 +0000},
	Doi = {10.1016/0370-2693(82)91241-2},
	Journal = {Phys. Lett.},
	Pages = {227},
	Reportnumber = {PRINT-82-0029 (IAS,PRINCETON)},
	Slaccitation = {%%CITATION = PHLTA,B110,227;%%},
	Title = {{A Phenomenological Model of Particle Physics Based on Supersymmetry}},
	Volume = {B110},
	Year = {1982},
	Bdsk-Url-1 = {http://dx.doi.org/10.1016/0370-2693(82)91241-2}}

@article{01Dimopoulos:1981au,
	Author = {Dimopoulos, Savas and Raby, Stuart},
	Date-Added = {2016-06-03 11:25:41 +0000},
	Date-Modified = {2016-06-03 11:25:41 +0000},
	Doi = {10.1016/0550-3213(81)90430-2},
	Journal = {Nucl. Phys.},
	Pages = {353},
	Reportnumber = {SLAC-PUB-2719, Print-81-0215 (ITP,STANFORD), NSF-ITP-81-24},
	Slaccitation = {%%CITATION = NUPHA,B192,353;%%},
	Title = {{Supercolor}},
	Volume = {B192},
	Year = {1981},
	Bdsk-Url-1 = {http://dx.doi.org/10.1016/0550-3213(81)90430-2}}

@article{00Dine:1981za,
	Author = {Dine, Michael and Fischler, Willy and Srednicki, Mark},
	Booktitle = {{GRAND UNIFICATION. PROCEEDINGS, 2ND WORKSHOP, ANN ARBOR, USA, APRIL 24-26, 1981}},
	Date-Added = {2016-06-03 11:25:41 +0000},
	Date-Modified = {2016-06-03 11:25:41 +0000},
	Doi = {10.1016/0550-3213(81)90582-4},
	Journal = {Nucl. Phys.},
	Pages = {575-593},
	Reportnumber = {PRINT-81-0278 (IAS,PRINCETON)},
	Slaccitation = {%%CITATION = NUPHA,B189,575;%%},
	Title = {{Supersymmetric Technicolor}},
	Volume = {B189},
	Year = {1981},
	Bdsk-Url-1 = {http://dx.doi.org/10.1016/0550-3213(81)90582-4}}

@article{Dine:1995ag,
	Archiveprefix = {arXiv},
	Author = {Dine, Michael and Nelson, Ann E. and Nir, Yosef and Shirman, Yuri},
	Date-Added = {2016-06-03 11:25:41 +0000},
	Date-Modified = {2016-06-03 11:25:41 +0000},
	Doi = {10.1103/PhysRevD.53.2658},
	Eprint = {hep-ph/9507378},
	Journal = {Phys. Rev.},
	Pages = {2658-2669},
	Primaryclass = {hep-ph},
	Reportnumber = {SCIPP-95-32, UW-PT-95-08, WIS-95-29-JUL-PH},
	Slaccitation = {%%CITATION = HEP-PH/9507378;%%},
	Title = {{New tools for low-energy dynamical supersymmetry breaking}},
	Volume = {D53},
	Year = {1996},
	Bdsk-Url-1 = {http://dx.doi.org/10.1103/PhysRevD.53.2658}}

@article{Dine:1994vc,
	Archiveprefix = {arXiv},
	Author = {Dine, Michael and Nelson, Ann E. and Shirman, Yuri},
	Date-Added = {2016-06-03 11:25:41 +0000},
	Date-Modified = {2016-06-03 11:25:41 +0000},
	Doi = {10.1103/PhysRevD.51.1362},
	Eprint = {hep-ph/9408384},
	Journal = {Phys. Rev.},
	Pages = {1362-1370},
	Primaryclass = {hep-ph},
	Reportnumber = {SCIPP-94-21, UW-PT-94-07},
	Slaccitation = {%%CITATION = HEP-PH/9408384;%%},
	Title = {{Low-energy dynamical supersymmetry breaking simplified}},
	Volume = {D51},
	Year = {1995},
	Bdsk-Url-1 = {http://dx.doi.org/10.1103/PhysRevD.51.1362}}

@article{Dine:1993yw,
	Archiveprefix = {arXiv},
	Author = {Dine, Michael and Nelson, Ann E.},
	Date-Added = {2016-06-03 11:25:41 +0000},
	Date-Modified = {2016-06-03 11:25:41 +0000},
	Doi = {10.1103/PhysRevD.48.1277},
	Eprint = {hep-ph/9303230},
	Journal = {Phys. Rev.},
	Pages = {1277-1287},
	Primaryclass = {hep-ph},
	Reportnumber = {SCIPP-93-03, UCSD-PTH-93-05},
	Slaccitation = {%%CITATION = HEP-PH/9303230;%%},
	Title = {{Dynamical supersymmetry breaking at low-energies}},
	Volume = {D48},
	Year = {1993},
	Bdsk-Url-1 = {http://dx.doi.org/10.1103/PhysRevD.48.1277}}

@article{00Okada:1990vk,
	Author = {Okada, Yasuhiro and Yamaguchi, Masahiro and Yanagida, Tsutomu},
	Date-Added = {2016-06-03 11:25:41 +0000},
	Date-Modified = {2016-06-03 11:25:41 +0000},
	Doi = {10.1143/PTP.85.1},
	Journal = {Prog. Theor. Phys.},
	Pages = {1-6},
	Reportnumber = {TU-360-REV, TU-360},
	Slaccitation = {%%CITATION = PTPKA,85,1;%%},
	Title = {{Upper bound of the lightest Higgs boson mass in the minimal supersymmetric standard model}},
	Volume = {85},
	Year = {1991},
	Bdsk-Url-1 = {http://dx.doi.org/10.1143/PTP.85.1}}

@article{01Ellis:1990nz,
	Author = {Ellis, John R. and Ridolfi, Giovanni and Zwirner, Fabio},
	Date-Added = {2016-06-03 11:25:41 +0000},
	Date-Modified = {2016-06-03 11:25:41 +0000},
	Doi = {10.1016/0370-2693(91)90863-L},
	Journal = {Phys. Lett.},
	Pages = {83-91},
	Reportnumber = {CERN-TH-5946-90, GEF-TH-26-1990},
	Slaccitation = {%%CITATION = PHLTA,B257,83;%%},
	Title = {{Radiative corrections to the masses of supersymmetric Higgs bosons}},
	Volume = {B257},
	Year = {1991},
	Bdsk-Url-1 = {http://dx.doi.org/10.1016/0370-2693(91)90863-L}}

@article{02Haber:1990aw,
	Author = {Haber, Howard E. and Hempfling, Ralf},
	Date-Added = {2016-06-03 11:25:41 +0000},
	Date-Modified = {2016-06-03 11:25:41 +0000},
	Doi = {10.1103/PhysRevLett.66.1815},
	Journal = {Phys. Rev. Lett.},
	Pages = {1815-1818},
	Reportnumber = {SCIPP-90-42},
	Slaccitation = {%%CITATION = PRLTA,66,1815;%%},
	Title = {{Can the mass of the lightest Higgs boson of the minimal supersymmetric model be larger than m(Z)?}},
	Volume = {66},
	Year = {1991},
	Bdsk-Url-1 = {http://dx.doi.org/10.1103/PhysRevLett.66.1815}}

@article{Lees:2013uzd,
	Archiveprefix = {arXiv},
	Author = {Lees, J. P. and others},
	Collaboration = {BaBar},
	Doi = {10.1103/PhysRevD.88.072012},
	Eprint = {1303.0571},
	Journal = {Phys. Rev.},
	Number = {7},
	Pages = {072012},
	Primaryclass = {hep-ex},
	Reportnumber = {BABAR-PUB-13-001, SLAC-PUB-15381},
	Slaccitation = {%%CITATION = ARXIV:1303.0571;%%},
	Title = {{Measurement of an Excess of $\bar{B} \to D^{(*)}\tau^-\bar{\nu}_\tau$ Decays and Implications for Charged Higgs Bosons}},
	Volume = {D88},
	Year = {2013},
	Bdsk-Url-1 = {http://dx.doi.org/10.1103/PhysRevD.88.072012}}

@article{Logan:2000iv,
	Archiveprefix = {arXiv},
	Author = {Logan, Heather E. and Nierste, Ulrich},
	Doi = {10.1016/S0550-3213(00)00417-X},
	Eprint = {hep-ph/0004139},
	Journal = {Nucl. Phys.},
	Pages = {39-55},
	Primaryclass = {hep-ph},
	Reportnumber = {FERMILAB-PUB-00-084-T},
	Slaccitation = {%%CITATION = HEP-PH/0004139;%%},
	Title = {{B($s$, $d^{)} \to \ell^+ \ell^-$ in a two Higgs doublet model}},
	Volume = {B586},
	Year = {2000},
	Bdsk-Url-1 = {http://dx.doi.org/10.1016/S0550-3213(00)00417-X}}

@article{Hou:1992sy,
	Author = {Hou, Wei-Shu},
	Doi = {10.1103/PhysRevD.48.2342},
	Journal = {Phys. Rev.},
	Pages = {2342-2344},
	Reportnumber = {NTUTH-92-21},
	Slaccitation = {%%CITATION = PHRVA,D48,2342;%%},
	Title = {{Enhanced charged Higgs boson effects in $B^- \to \tau \bar{\nu}$, $\mu \bar{\nu}$ and $b \to \tau \bar{\nu}+X$}},
	Volume = {D48},
	Year = {1993},
	Bdsk-Url-1 = {http://dx.doi.org/10.1103/PhysRevD.48.2342}}

@article{Geng:1988bq,
	Author = {Geng, C. Q. and Ng, John N.},
	Doi = {10.1103/PhysRevD.38.2857, 10.1103/PhysRevD.41.1715},
	Journal = {Phys. Rev.},
	Note = {[Erratum: Phys. Rev.D41,1715(1990)]},
	Pages = {2857},
	Reportnumber = {TRI-PP-88-32},
	Slaccitation = {%%CITATION = PHRVA,D38,2857;%%},
	Title = {{Charged-Higgs-boson effect in $B_d^0$ - $\bar{B}_d^0$ mixing, $K \to \pi \nu \bar{\nu}$ decay, and rare decays of $B$ mesons}},
	Volume = {D38},
	Year = {1988},
	Bdsk-Url-1 = {http://dx.doi.org/10.1103/PhysRevD.38.2857,%2010.1103/PhysRevD.41.1715}}

@article{Deschamps:2009rh,
	Archiveprefix = {arXiv},
	Author = {Deschamps, O. and Descotes-Genon, S. and Monteil, S. and Niess, V. and T'Jampens, S. and Tisserand, V.},
	Doi = {10.1103/PhysRevD.82.073012},
	Eprint = {0907.5135},
	Journal = {Phys. Rev.},
	Pages = {073012},
	Primaryclass = {hep-ph},
	Reportnumber = {LPC-CF-2009-05, LPT-ORSAY-2009-43, LAPP-EXP-2009-03},
	Slaccitation = {%%CITATION = ARXIV:0907.5135;%%},
	Title = {{The Two Higgs Doublet of Type II facing flavour physics data}},
	Volume = {D82},
	Year = {2010},
	Bdsk-Url-1 = {http://dx.doi.org/10.1103/PhysRevD.82.073012}}

@article{Akeroyd:2000wc,
	Archiveprefix = {arXiv},
	Author = {Akeroyd, Andrew G. and Arhrib, Abdesslam and Naimi, El-Mokhtar},
	Doi = {10.1016/S0370-2693(00)00962-X},
	Eprint = {hep-ph/0006035},
	Journal = {Phys. Lett.},
	Pages = {119-124},
	Primaryclass = {hep-ph},
	Reportnumber = {UFR-HEP-00-06, KEK-TH-00-699, KEK-TH-699},
	Slaccitation = {%%CITATION = HEP-PH/0006035;%%},
	Title = {{Note on tree level unitarity in the general two Higgs doublet model}},
	Volume = {B490},
	Year = {2000},
	Bdsk-Url-1 = {http://dx.doi.org/10.1016/S0370-2693(00)00962-X}}

@article{Deshpande:1977rw,
	Author = {Deshpande, Nilendra G. and Ma, Ernest},
	Doi = {10.1103/PhysRevD.18.2574},
	Journal = {Phys. Rev.},
	Pages = {2574},
	Reportnumber = {OITS-81},
	Slaccitation = {%%CITATION = PHRVA,D18,2574;%%},
	Title = {{Pattern of Symmetry Breaking with Two Higgs Doublets}},
	Volume = {D18},
	Year = {1978},
	Bdsk-Url-1 = {http://dx.doi.org/10.1103/PhysRevD.18.2574}}

@article{Barroso:2013awa,
	Archiveprefix = {arXiv},
	Author = {Barroso, A. and Ferreira, P. M. and Ivanov, I. P. and Santos, Rui},
	Doi = {10.1007/JHEP06(2013)045},
	Eprint = {1303.5098},
	Journal = {JHEP},
	Pages = {045},
	Primaryclass = {hep-ph},
	Slaccitation = {%%CITATION = ARXIV:1303.5098;%%},
	Title = {{Metastability bounds on the two Higgs doublet model}},
	Volume = {06},
	Year = {2013},
	Bdsk-Url-1 = {http://dx.doi.org/10.1007/JHEP06(2013)045}}

@article{Misiak:2015xwa,
	Archiveprefix = {arXiv},
	Author = {Misiak, M. and others},
	Doi = {10.1103/PhysRevLett.114.221801},
	Eprint = {1503.01789},
	Journal = {Phys. Rev. Lett.},
	Number = {22},
	Pages = {221801},
	Primaryclass = {hep-ph},
	Reportnumber = {TTP15-007, SFB-CPP-14-121, SI-HEP-2015-08, QFET-2015-09, TTK-15-09, IFT-2-2015},
	Slaccitation = {%%CITATION = ARXIV:1503.01789;%%},
	Title = {{Updated NNLO QCD predictions for the weak radiative B-meson decays}},
	Volume = {114},
	Year = {2015},
	Bdsk-Url-1 = {http://dx.doi.org/10.1103/PhysRevLett.114.221801}}

@article{Baak:2011ze,
	Archiveprefix = {arXiv},
	Author = {Baak, M. and Goebel, M. and Haller, J. and Hoecker, A. and Ludwig, D. and Moenig, K. and Schott, M. and Stelzer, J.},
	Doi = {10.1140/epjc/s10052-012-2003-4},
	Eprint = {1107.0975},
	Journal = {Eur. Phys. J.},
	Pages = {2003},
	Primaryclass = {hep-ph},
	Reportnumber = {DESY-11-107, CERN-OPEN-2011-033},
	Slaccitation = {%%CITATION = ARXIV:1107.0975;%%},
	Title = {{Updated Status of the Global Electroweak Fit and Constraints on New Physics}},
	Volume = {C72},
	Year = {2012},
	Bdsk-Url-1 = {http://dx.doi.org/10.1140/epjc/s10052-012-2003-4}}

@article{Aoki:2009ha,
	Archiveprefix = {arXiv},
	Author = {Aoki, Mayumi and Kanemura, Shinya and Tsumura, Koji and Yagyu, Kei},
	Doi = {10.1103/PhysRevD.80.015017},
	Eprint = {0902.4665},
	Journal = {Phys. Rev.},
	Pages = {015017},
	Primaryclass = {hep-ph},
	Reportnumber = {TU-839, UT-HET-022, IC-2009-007},
	Slaccitation = {%%CITATION = ARXIV:0902.4665;%%},
	Title = {{Models of Yukawa interaction in the two Higgs doublet model, and their collider phenomenology}},
	Volume = {D80},
	Year = {2009},
	Bdsk-Url-1 = {http://dx.doi.org/10.1103/PhysRevD.80.015017}}

@article{Aad:2014ioa,
	Archiveprefix = {arXiv},
	Author = {Aad, Georges and others},
	Collaboration = {ATLAS},
	Doi = {10.1103/PhysRevLett.113.171801},
	Eprint = {1407.6583},
	Journal = {Phys. Rev. Lett.},
	Number = {17},
	Pages = {171801},
	Primaryclass = {hep-ex},
	Reportnumber = {CERN-PH-EP-2014-142},
	Slaccitation = {%%CITATION = ARXIV:1407.6583;%%},
	Title = {{Search for Scalar Diphoton Resonances in the Mass Range $65-600$ GeV with the ATLAS Detector in $pp$ Collision Data at $\sqrt{s}$ = 8 $TeV$}},
	Volume = {113},
	Year = {2014},
	Bdsk-Url-1 = {http://dx.doi.org/10.1103/PhysRevLett.113.171801}}

@article{Aad:2014vgg,
	Archiveprefix = {arXiv},
	Author = {Aad, Georges and others},
	Collaboration = {ATLAS},
	Doi = {10.1007/JHEP11(2014)056},
	Eprint = {1409.6064},
	Journal = {JHEP},
	Pages = {056},
	Primaryclass = {hep-ex},
	Reportnumber = {CERN-PH-EP-2014-210},
	Slaccitation = {%%CITATION = ARXIV:1409.6064;%%},
	Title = {{Search for neutral Higgs bosons of the minimal supersymmetric standard model in pp collisions at $\sqrt{s}$ = 8 TeV with the ATLAS detector}},
	Volume = {11},
	Year = {2014},
	Bdsk-Url-1 = {http://dx.doi.org/10.1007/JHEP11(2014)056}}

@article{Khachatryan:2015qba,
	Archiveprefix = {arXiv},
	Author = {Khachatryan, Vardan and others},
	Collaboration = {CMS},
	Doi = {10.1016/j.physletb.2015.09.062},
	Eprint = {1506.02301},
	Journal = {Phys. Lett.},
	Pages = {494-519},
	Primaryclass = {hep-ex},
	Reportnumber = {CMS-HIG-14-006, CERN-PH-EP-2015-113},
	Slaccitation = {%%CITATION = ARXIV:1506.02301;%%},
	Title = {{Search for diphoton resonances in the mass range from 150 to 850 GeV in pp collisions at $\sqrt{s} =$ 8 TeV}},
	Volume = {B750},
	Year = {2015},
	Bdsk-Url-1 = {http://dx.doi.org/10.1016/j.physletb.2015.09.062}}

@article{CMS:2015mca,
	Author = {CMS Collaboration},
	Collaboration = {CMS},
	Reportnumber = {CMS-PAS-HIG-14-029},
	Slaccitation = {%%CITATION = CMS-PAS-HIG-14-029;%%},
	Title = {{Search for additional neutral Higgs bosons decaying to a pair of tau leptons in $pp$ collisions at $\sqrt{s}$ = 7 and 8 TeV}},
	Year = {2015}}

@article{Khachatryan:2015tra,
	Archiveprefix = {arXiv},
	Author = {Khachatryan, Vardan and others},
	Collaboration = {CMS},
	Doi = {10.1007/JHEP11(2015)071},
	Eprint = {1506.08329},
	Journal = {JHEP},
	Pages = {071},
	Primaryclass = {hep-ex},
	Reportnumber = {CMS-HIG-14-017, CERN-PH-EP-2015-133},
	Slaccitation = {%%CITATION = ARXIV:1506.08329;%%},
	Title = {{Search for Neutral MSSM Higgs Bosons Decaying into A Pair of Bottom Quarks}},
	Volume = {11},
	Year = {2015},
	Bdsk-Url-1 = {http://dx.doi.org/10.1007/JHEP11(2015)071}}

@article{Khachatryan:2015yea,
	Archiveprefix = {arXiv},
	Author = {Khachatryan, Vardan and others},
	Collaboration = {CMS},
	Doi = {10.1016/j.physletb.2015.08.047},
	Eprint = {1503.04114},
	Journal = {Phys. Lett.},
	Pages = {560-582},
	Primaryclass = {hep-ex},
	Reportnumber = {CMS-HIG-14-013, CERN-PH-EP-2015-042},
	Slaccitation = {%%CITATION = ARXIV:1503.04114;%%},
	Title = {{Search for resonant pair production of Higgs bosons decaying to two bottom quark-antiquark pairs in proton-proton collisions at 8 TeV}},
	Volume = {B749},
	Year = {2015},
	Bdsk-Url-1 = {http://dx.doi.org/10.1016/j.physletb.2015.08.047}}

@article{CMS:2014ipa,
	Author = {CMS Collaboration},
	Collaboration = {CMS},
	Reportnumber = {CMS-PAS-HIG-13-032},
	Slaccitation = {%%CITATION = CMS-PAS-HIG-13-032;%%},
	Title = {{Search for the resonant production of two Higgs bosons in the final state with two photons and two bottom quarks}},
	Year = {2014}}

@article{CMS:2014aaa,
	Author = {CMS Collaboration},
	Collaboration = {CMS},
	Reportnumber = {CMS-PAS-HIG-13-032},
	Slaccitation = {%%CITATION = CMS-PAS-HIG-13-032;%%},
	Title = {{Search for the resonant production of two Higgs bosons in the final state with two photons and two bottom quarks}},
	Year = {2014}}

@article{Khachatryan:2015cwa,
	Archiveprefix = {arXiv},
	Author = {Khachatryan, Vardan and others},
	Collaboration = {CMS},
	Doi = {10.1007/JHEP10(2015)144},
	Eprint = {1504.00936},
	Journal = {JHEP},
	Pages = {144},
	Primaryclass = {hep-ex},
	Reportnumber = {CMS-HIG-13-031, CERN-PH-EP-2015-074},
	Slaccitation = {%%CITATION = ARXIV:1504.00936;%%},
	Title = {{Search for a Higgs Boson in the Mass Range from 145 to 1000 GeV Decaying to a Pair of W or Z Bosons}},
	Volume = {10},
	Year = {2015},
	Bdsk-Url-1 = {http://dx.doi.org/10.1007/JHEP10(2015)144}}

@article{Aad:2015xja,
	Archiveprefix = {arXiv},
	Author = {Aad, Georges and others},
	Collaboration = {ATLAS},
	Doi = {10.1103/PhysRevD.92.092004},
	Eprint = {1509.04670},
	Journal = {Phys. Rev.},
	Number = {9},
	Pages = {092004},
	Primaryclass = {hep-ex},
	Reportnumber = {CERN-PH-EP-2015-225},
	Slaccitation = {%%CITATION = ARXIV:1509.04670;%%},
	Title = {{Searches for Higgs boson pair production in the $hh\to bb\tau\tau, \gamma\gamma WW^*, \gamma\gamma bb, bbbb$ channels with the ATLAS detector}},
	Volume = {D92},
	Year = {2015},
	Bdsk-Url-1 = {http://dx.doi.org/10.1103/PhysRevD.92.092004}}

@article{Aad:2015agg,
	Archiveprefix = {arXiv},
	Author = {Aad, Georges and others},
	Collaboration = {ATLAS},
	Eprint = {1509.00389},
	Primaryclass = {hep-ex},
	Reportnumber = {CERN-PH-EP-2015-185},
	Slaccitation = {%%CITATION = ARXIV:1509.00389;%%},
	Title = {{Search for a high-mass Higgs boson decaying to a $W$ boson pair in $pp$ collisions at $\sqrt{s} = 8$ TeV with the ATLAS detector}},
	Year = {2015}}

@article{Aad:2015fna,
	Archiveprefix = {arXiv},
	Author = {Aad, Georges and others},
	Collaboration = {ATLAS},
	Doi = {10.1007/JHEP08(2015)148},
	Eprint = {1505.07018},
	Journal = {JHEP},
	Pages = {148},
	Primaryclass = {hep-ex},
	Reportnumber = {CERN-PH-EP-2015-090},
	Slaccitation = {%%CITATION = ARXIV:1505.07018;%%},
	Title = {{A search for $ t\overline{t} $ resonances using lepton-plus-jets events in proton-proton collisions at $ \sqrt{s}=8 $ TeV with the ATLAS detector}},
	Volume = {08},
	Year = {2015},
	Bdsk-Url-1 = {http://dx.doi.org/10.1007/JHEP08(2015)148}}

@article{Aad:2015wra,
	Archiveprefix = {arXiv},
	Author = {Aad, Georges and others},
	Collaboration = {ATLAS},
	Doi = {10.1016/j.physletb.2015.03.054},
	Eprint = {1502.04478},
	Journal = {Phys. Lett.},
	Pages = {163-183},
	Primaryclass = {hep-ex},
	Reportnumber = {CERN-PH-EP-2015-013},
	Slaccitation = {%%CITATION = ARXIV:1502.04478;%%},
	Title = {{Search for a CP-odd Higgs boson decaying to Zh in pp collisions at $\sqrt{s} = 8$ TeV with the ATLAS detector}},
	Volume = {B744},
	Year = {2015},
	Bdsk-Url-1 = {http://dx.doi.org/10.1016/j.physletb.2015.03.054}}

@article{Gunion:2002zf,
	Archiveprefix = {arXiv},
	Author = {Gunion, John F. and Haber, Howard E.},
	Doi = {10.1103/PhysRevD.67.075019},
	Eprint = {hep-ph/0207010},
	Journal = {Phys. Rev.},
	Pages = {075019},
	Primaryclass = {hep-ph},
	Reportnumber = {SCIPP-02-10},
	Slaccitation = {%%CITATION = HEP-PH/0207010;%%},
	Title = {{The CP conserving two Higgs doublet model: The Approach to the decoupling limit}},
	Volume = {D67},
	Year = {2003},
	Bdsk-Url-1 = {http://dx.doi.org/10.1103/PhysRevD.67.075019}}

@article{Branco:2011iw,
	Archiveprefix = {arXiv},
	Author = {Branco, G.C. and Ferreira, P.M. and Lavoura, L. and Rebelo, M.N. and Sher, Marc and others},
	Doi = {10.1016/j.physrep.2012.02.002},
	Eprint = {1106.0034},
	Journal = {Phys.Rept.},
	Pages = {1-102},
	Primaryclass = {hep-ph},
	Slaccitation = {%%CITATION = ARXIV:1106.0034;%%},
	Title = {{Theory and phenomenology of two-Higgs-doublet models}},
	Volume = {516},
	Year = {2012},
	Bdsk-Url-1 = {http://dx.doi.org/10.1016/j.physrep.2012.02.002}}

@article{Ivanov:2015nea,
	Archiveprefix = {arXiv},
	Author = {Ivanov, I. P. and Silva, Joao P.},
	Doi = {10.1103/PhysRevD.92.055017},
	Eprint = {1507.05100},
	Journal = {Phys. Rev.},
	Number = {5},
	Pages = {055017},
	Primaryclass = {hep-ph},
	Reportnumber = {CFTP-15-007},
	Slaccitation = {%%CITATION = ARXIV:1507.05100;%%},
	Title = {{Tree-level metastability bounds for the most general two Higgs doublet model}},
	Volume = {D92},
	Year = {2015},
	Bdsk-Url-1 = {http://dx.doi.org/10.1103/PhysRevD.92.055017}}

@article{Nierste:1995zx,
	Archiveprefix = {arXiv},
	Author = {Nierste, Ulrich and Riesselmann, Kurt},
	Doi = {10.1103/PhysRevD.53.6638},
	Eprint = {hep-ph/9511407},
	Journal = {Phys.Rev.},
	Pages = {6638-6652},
	Primaryclass = {hep-ph},
	Reportnumber = {TUM-HEP-224-95, TUM-T31-90-95},
	Slaccitation = {%%CITATION = HEP-PH/9511407;%%},
	Title = {{Higgs sector renormalization group in the MS and OMS scheme: The Breakdown of perturbation theory for a heavy Higgs}},
	Volume = {D53},
	Year = {1996},
	Bdsk-Url-1 = {http://dx.doi.org/10.1103/PhysRevD.53.6638}}

@misc{LHCHXSWG,
	Howpublished = {https://twiki.cern.ch/twiki/bin/view/LHCPhysics/LHCHXSWG},
	Year = {2015}}

@article{Agashe:2014kda,
	Author = {Olive, K. A. and others},
	Collaboration = {Particle Data Group},
	Doi = {10.1088/1674-1137/38/9/090001},
	Journal = {Chin. Phys.},
	Pages = {090001},
	Slaccitation = {%%CITATION = CHPHD,C38,090001;%%},
	Title = {{Review of Particle Physics}},
	Volume = {C38},
	Year = {2014},
	Bdsk-Url-1 = {http://dx.doi.org/10.1088/1674-1137/38/9/090001}}

@article{Peskin:1990zt,
	Author = {Peskin, Michael E. and Takeuchi, Tatsu},
	Doi = {10.1103/PhysRevLett.65.964},
	Journal = {Phys. Rev. Lett.},
	Pages = {964-967},
	Reportnumber = {SLAC-PUB-5272},
	Slaccitation = {%%CITATION = PRLTA,65,964;%%},
	Title = {{A New constraint on a strongly interacting Higgs sector}},
	Volume = {65},
	Year = {1990},
	Bdsk-Url-1 = {http://dx.doi.org/10.1103/PhysRevLett.65.964}}

@article{Peskin:1991sw,
	Author = {Peskin, Michael E. and Takeuchi, Tatsu},
	Doi = {10.1103/PhysRevD.46.381},
	Journal = {Phys. Rev.},
	Pages = {381-409},
	Reportnumber = {SLAC-PUB-5618},
	Slaccitation = {%%CITATION = PHRVA,D46,381;%%},
	Title = {{Estimation of oblique electroweak corrections}},
	Volume = {D46},
	Year = {1992},
	Bdsk-Url-1 = {http://dx.doi.org/10.1103/PhysRevD.46.381}}

@article{Aad:2015kna,
	Archiveprefix = {arXiv},
	Author = {Aad, Georges and others},
	Collaboration = {ATLAS},
	Doi = {10.1140/epjc/s10052-015-3820-z},
	Eprint = {1507.05930},
	Journal = {Eur. Phys. J.},
	Number = {1},
	Pages = {45},
	Primaryclass = {hep-ex},
	Reportnumber = {CERN-PH-EP-2015-154},
	Slaccitation = {%%CITATION = ARXIV:1507.05930;%%},
	Title = {{Search for an additional, heavy Higgs boson in the $H\rightarrow ZZ$ decay channel at $\sqrt{s} = 8\;\text{ TeV }$ in $pp$ collision data with the ATLAS detector}},
	Volume = {C76},
	Year = {2016},
	Bdsk-Url-1 = {http://dx.doi.org/10.1140/epjc/s10052-015-3820-z}}

@article{Spira:1995mt,
	Archiveprefix = {arXiv},
	Author = {Spira, Michael},
	Eprint = {hep-ph/9510347},
	Primaryclass = {hep-ph},
	Reportnumber = {DESY-T-95-05},
	Slaccitation = {%%CITATION = HEP-PH/9510347;%%},
	Title = {{HIGLU: A program for the calculation of the total Higgs production cross-section at hadron colliders via gluon fusion including QCD corrections}},
	Year = {1995}}

@article{Bochkarev:1990fx,
	Author = {Bochkarev, A. I. and Kuzmin, S. V. and Shaposhnikov, M. E.},
	Doi = {10.1016/0370-2693(90)90069-I},
	Journal = {Phys. Lett.},
	Pages = {275-278},
	Slaccitation = {%%CITATION = PHLTA,B244,275;%%},
	Title = {{Electroweak baryogenesis and the Higgs boson mass problem}},
	Volume = {B244},
	Year = {1990},
	Bdsk-Url-1 = {http://dx.doi.org/10.1016/0370-2693(90)90069-I}}

@article{Nelson:1991ab,
	Author = {Nelson, A. E. and Kaplan, D. B. and Cohen, Andrew G.},
	Doi = {10.1016/0550-3213(92)90440-M},
	Journal = {Nucl. Phys.},
	Pages = {453-478},
	Reportnumber = {UCSD-PTH-91-20, BUHEP-91-15},
	Slaccitation = {%%CITATION = NUPHA,B373,453;%%},
	Title = {{Why there is something rather than nothing: Matter from weak interactions}},
	Volume = {B373},
	Year = {1992},
	Bdsk-Url-1 = {http://dx.doi.org/10.1016/0550-3213(92)90440-M}}

@article{Dorsch:2013wja,
	Archiveprefix = {arXiv},
	Author = {Dorsch, G. C. and Huber, S. J. and No, J. M.},
	Doi = {10.1007/JHEP10(2013)029},
	Eprint = {1305.6610},
	Journal = {JHEP},
	Pages = {029},
	Primaryclass = {hep-ph},
	Slaccitation = {%%CITATION = ARXIV:1305.6610;%%},
	Title = {{A strong electroweak phase transition in the 2HDM after LHC8}},
	Volume = {10},
	Year = {2013},
	Bdsk-Url-1 = {http://dx.doi.org/10.1007/JHEP10(2013)029}}

@article{Alwall:2014hca,
	Archiveprefix = {arXiv},
	Author = {Alwall, J. and Frederix, R. and Frixione, S. and Hirschi, V. and Maltoni, F. and Mattelaer, O. and Shao, H. -S. and Stelzer, T. and Torrielli, P. and Zaro, M.},
	Doi = {10.1007/JHEP07(2014)079},
	Eprint = {1405.0301},
	Journal = {JHEP},
	Pages = {079},
	Primaryclass = {hep-ph},
	Reportnumber = {CERN-PH-TH-2014-064, CP3-14-18, LPN14-066, MCNET-14-09, ZU-TH-14-14},
	Slaccitation = {%%CITATION = ARXIV:1405.0301;%%},
	Title = {{The automated computation of tree-level and next-to-leading order differential cross sections, and their matching to parton shower simulations}},
	Volume = {07},
	Year = {2014},
	Bdsk-Url-1 = {http://dx.doi.org/10.1007/JHEP07(2014)079}}

@article{Maalampi:1991fb,
	Author = {Maalampi, J. and Sirkka, J. and Vilja, I.},
	Doi = {10.1016/0370-2693(91)90068-2},
	Journal = {Phys.Lett.},
	Pages = {371-376},
	Reportnumber = {HU-TFT-91-16},
	Slaccitation = {%%CITATION = PHLTA,B265,371;%%},
	Title = {{Tree level unitarity and triviality bounds for two Higgs models}},
	Volume = {B265},
	Year = {1991},
	Bdsk-Url-1 = {http://dx.doi.org/10.1016/0370-2693(91)90068-2}}

@article{Kanemura:1993hm,
	Archiveprefix = {arXiv},
	Author = {Kanemura, Shinya and Kubota, Takahiro and Takasugi, Eiichi},
	Doi = {10.1016/0370-2693(93)91205-2},
	Eprint = {hep-ph/9303263},
	Journal = {Phys.Lett.},
	Pages = {155-160},
	Primaryclass = {hep-ph},
	Reportnumber = {OS-GE-32-93},
	Slaccitation = {%%CITATION = HEP-PH/9303263;%%},
	Title = {{Lee-Quigg-Thacker bounds for Higgs boson masses in a two doublet model}},
	Volume = {B313},
	Year = {1993},
	Bdsk-Url-1 = {http://dx.doi.org/10.1016/0370-2693(93)91205-2}}

@article{Grzadkowski:2010es,
	Archiveprefix = {arXiv},
	Author = {Grzadkowski, B. and Iskrzynski, M. and Misiak, M. and Rosiek, J.},
	Doi = {10.1007/JHEP10(2010)085},
	Eprint = {1008.4884},
	Journal = {JHEP},
	Pages = {085},
	Primaryclass = {hep-ph},
	Reportnumber = {IFT-9-2010, TTP10-35},
	Slaccitation = {%%CITATION = ARXIV:1008.4884;%%},
	Title = {{Dimension-Six Terms in the Standard Model Lagrangian}},
	Volume = {10},
	Year = {2010},
	Bdsk-Url-1 = {http://dx.doi.org/10.1007/JHEP10(2010)085}}

@article{Eberhardt:2013uba,
	Archiveprefix = {arXiv},
	Author = {Eberhardt, Otto and Nierste, Ulrich and Wiebusch, Martin},
	Doi = {10.1007/JHEP07(2013)118},
	Eprint = {1305.1649},
	Journal = {JHEP},
	Pages = {118},
	Primaryclass = {hep-ph},
	Slaccitation = {%%CITATION = ARXIV:1305.1649;%%},
	Title = {{Status of the two-Higgs-doublet model of type II}},
	Volume = {07},
	Year = {2013},
	Bdsk-Url-1 = {http://dx.doi.org/10.1007/JHEP07(2013)118}}

@phdthesis{Eberhardt:2013wia,
	Archiveprefix = {arXiv},
	Author = {Eberhardt, Otto},
	Eprint = {1309.1278},
	Primaryclass = {hep-ph},
	School = {KIT, Karlsruhe, TTP},
	Slaccitation = {%%CITATION = ARXIV:1309.1278;%%},
	Title = {{Extra doublets - Global analyses of Standard Model extensions in the fermionic or scalar sector}},
	Url = {http://inspirehep.net/record/1252858/files/arXiv:1309.1278.pdf},
	Year = {2013},
	Bdsk-Url-1 = {http://inspirehep.net/record/1252858/files/arXiv:1309.1278.pdf}}

@article{Bardin:1992jc,
	Archiveprefix = {arXiv},
	Author = {Bardin, Dmitri {\relax Yu}. and others},
	Eprint = {hep-ph/9412201},
	Primaryclass = {hep-ph},
	Reportnumber = {CERN-TH-6443-92},
	Slaccitation = {%%CITATION = HEP-PH/9412201;%%},
	Title = {{ZFITTER: An Analytical program for fermion pair production in e+ e- annihilation}},
	Year = {1992}}

@article{Bardin:1999yd,
	Archiveprefix = {arXiv},
	Author = {Bardin, Dmitri {\relax Yu}. and Christova, P. and Jack, M. and Kalinovskaya, L. and Olchevski, A. and Riemann, S. and Riemann, T.},
	Doi = {10.1016/S0010-4655(00)00152-1},
	Eprint = {hep-ph/9908433},
	Journal = {Comput. Phys. Commun.},
	Pages = {229-395},
	Primaryclass = {hep-ph},
	Reportnumber = {DESY-99-070},
	Slaccitation = {%%CITATION = HEP-PH/9908433;%%},
	Title = {{ZFITTER v.6.21: A Semianalytical program for fermion pair production in e+ e- annihilation}},
	Volume = {133},
	Year = {2001},
	Bdsk-Url-1 = {http://dx.doi.org/10.1016/S0010-4655(00)00152-1}}

@article{Arbuzov:2005ma,
	Archiveprefix = {arXiv},
	Author = {Arbuzov, A. B. and Awramik, M. and Czakon, M. and Freitas, A. and Grunewald, M. W. and Monig, Klaus and Riemann, S. and Riemann, T.},
	Doi = {10.1016/j.cpc.2005.12.009},
	Eprint = {hep-ph/0507146},
	Journal = {Comput. Phys. Commun.},
	Pages = {728-758},
	Primaryclass = {hep-ph},
	Reportnumber = {DESY-05-034, UCD-EXPH-050701, FERMILAB-PUB-05-256-T, WUE-ITP-2005-004, SFB-CPP-05-22},
	Slaccitation = {%%CITATION = HEP-PH/0507146;%%},
	Title = {{ZFITTER: A Semi-analytical program for fermion pair production in e+ e- annihilation, from version 6.21 to version 6.42}},
	Volume = {174},
	Year = {2006},
	Bdsk-Url-1 = {http://dx.doi.org/10.1016/j.cpc.2005.12.009}}

@article{Akhundov:2013ons,
	Archiveprefix = {arXiv},
	Author = {Akhundov, Arif and Arbuzov, Andrej and Riemann, Sabine and Riemann, Tord},
	Doi = {10.1134/S1063779614030022},
	Eprint = {1302.1395},
	Journal = {Phys. Part. Nucl.},
	Number = {3},
	Pages = {529-549},
	Primaryclass = {hep-ph},
	Slaccitation = {%%CITATION = ARXIV:1302.1395;%%},
	Title = {{The ZFITTER project}},
	Volume = {45},
	Year = {2014},
	Bdsk-Url-1 = {http://dx.doi.org/10.1134/S1063779614030022}}

@article{Awramik:2003rn,
	Archiveprefix = {arXiv},
	Author = {Awramik, M. and Czakon, M. and Freitas, A. and Weiglein, G.},
	Doi = {10.1103/PhysRevD.69.053006},
	Eprint = {hep-ph/0311148},
	Journal = {Phys. Rev.},
	Pages = {053006},
	Primaryclass = {hep-ph},
	Reportnumber = {DCPT-03-146, DESY-03-184, FERMILAB-PUB-03-239-T, IPPP-03-73},
	Slaccitation = {%%CITATION = HEP-PH/0311148;%%},
	Title = {{Precise prediction for the W boson mass in the standard model}},
	Volume = {D69},
	Year = {2004},
	Bdsk-Url-1 = {http://dx.doi.org/10.1103/PhysRevD.69.053006}}

@article{Awramik:2008gi,
	Archiveprefix = {arXiv},
	Author = {Awramik, M. and Czakon, M. and Freitas, A. and Kniehl, B.A.},
	Doi = {10.1016/j.nuclphysb.2008.12.031},
	Eprint = {0811.1364},
	Journal = {Nucl.Phys.},
	Pages = {174-187},
	Primaryclass = {hep-ph},
	Slaccitation = {%%CITATION = NUPHA,B813,174;%%},
	Title = {{Two-loop electroweak fermionic corrections to $\sin^2\theta^{b\bar{b}}_{\rm eff}$}},
	Volume = {B813},
	Year = {2009},
	Bdsk-Url-1 = {http://dx.doi.org/10.1016/j.nuclphysb.2008.12.031}}

@article{Awramik:2004ge,
	Archiveprefix = {arXiv},
	Author = {Awramik, M. and Czakon, M. and Freitas, A. and Weiglein, G.},
	Doi = {10.1103/PhysRevLett.93.201805},
	Eprint = {hep-ph/0407317},
	Journal = {Phys.Rev.Lett.},
	Pages = {201805},
	Primaryclass = {hep-ph},
	Slaccitation = {%%CITATION = PRLTA,93,201805;%%},
	Title = {{Complete two-loop electroweak fermionic corrections to $\sin^{2} \theta^{\rm lept}_{\rm eff}$ and indirect determination of the Higgs boson mass}},
	Volume = {93},
	Year = {2004},
	Bdsk-Url-1 = {http://dx.doi.org/10.1103/PhysRevLett.93.201805}}

@article{Awramik:2006uz,
	Archiveprefix = {arXiv},
	Author = {Awramik, M. and Czakon, M. and Freitas, A.},
	Doi = {10.1088/1126-6708/2006/11/048},
	Eprint = {hep-ph/0608099},
	Journal = {JHEP},
	Pages = {048},
	Primaryclass = {hep-ph},
	Slaccitation = {%%CITATION = JHEPA,0611,048;%%},
	Title = {{Electroweak two-loop corrections to the effective weak mixing angle}},
	Volume = {0611},
	Year = {2006},
	Bdsk-Url-1 = {http://dx.doi.org/10.1088/1126-6708/2006/11/048}}

@article{Sirlin:1980nh,
	Author = {Sirlin, A.},
	Doi = {10.1103/PhysRevD.22.971},
	Journal = {Phys. Rev.},
	Pages = {971-981},
	Reportnumber = {PRINT-80-0267 (IAS,PRINCETON)},
	Slaccitation = {%%CITATION = PHRVA,D22,971;%%},
	Title = {{Radiative Corrections in the SU(2)-L x U(1) Theory: A Simple Renormalization Framework}},
	Volume = {D22},
	Year = {1980},
	Bdsk-Url-1 = {http://dx.doi.org/10.1103/PhysRevD.22.971}}

@article{Marciano:1980pb,
	Author = {Marciano, W. J. and Sirlin, A.},
	Doi = {10.1103/PhysRevD.31.213, 10.1103/PhysRevD.22.2695},
	Journal = {Phys. Rev.},
	Note = {[Erratum: Phys. Rev.D31,213(1985)]},
	Pages = {2695},
	Reportnumber = {COO-2232B-206},
	Slaccitation = {%%CITATION = PHRVA,D22,2695;%%},
	Title = {{Radiative Corrections to Neutrino Induced Neutral Current Phenomena in the SU(2)-L x U(1) Theory}},
	Volume = {D22},
	Year = {1980},
	Bdsk-Url-1 = {http://dx.doi.org/10.1103/PhysRevD.31.213,%2010.1103/PhysRevD.22.2695}}

@article{Bardin:1980fe,
	Author = {Bardin, D. {\relax Yu}. and Khristova, P. Kh. and Fedorenko, O. M.},
	Doi = {10.1016/0550-3213(80)90021-8},
	Journal = {Nucl. Phys.},
	Pages = {435-461},
	Reportnumber = {JINR-E2-80-64},
	Slaccitation = {%%CITATION = NUPHA,B175,435;%%},
	Title = {{On the Lowest Order Electroweak Corrections to Spin 1/2 Fermion Scattering. 1. The One Loop Diagrammar}},
	Volume = {B175},
	Year = {1980},
	Bdsk-Url-1 = {http://dx.doi.org/10.1016/0550-3213(80)90021-8}}

@article{Bardin:1981sv,
	Author = {Bardin, D. {\relax Yu}. and Khristova, P. Kh. and Fedorenko, O. M.},
	Doi = {10.1016/0550-3213(82)90152-3},
	Journal = {Nucl. Phys.},
	Pages = {1-44},
	Reportnumber = {JINR-E2-81-486},
	Slaccitation = {%%CITATION = NUPHA,B197,1;%%},
	Title = {{On the Lowest Order Electroweak Corrections to Spin 1/2 Fermion Scattering. 2. The One Loop Amplitudes}},
	Volume = {B197},
	Year = {1982},
	Bdsk-Url-1 = {http://dx.doi.org/10.1016/0550-3213(82)90152-3}}

@article{Avdeev:1994db,
	Archiveprefix = {arXiv},
	Author = {Avdeev, L. and Fleischer, J. and Mikhailov, S. and Tarasov, O.},
	Doi = {10.1016/0370-2693(94)90573-8, 10.1016/0370-2693(95)00269-Q},
	Eprint = {hep-ph/9406363},
	Journal = {Phys. Lett.},
	Note = {[Erratum: Phys. Lett.B349,597(1995)]},
	Pages = {560-566},
	Primaryclass = {hep-ph},
	Reportnumber = {BI-TP-93-60},
	Slaccitation = {%%CITATION = HEP-PH/9406363;%%},
	Title = {{$0(\alpha \alpha_s^2)$ correction to the electroweak $\rho$ parameter}},
	Volume = {B336},
	Year = {1994},
	Bdsk-Url-1 = {http://dx.doi.org/10.1016/0370-2693(94)90573-8,%2010.1016/0370-2693(95)00269-Q}}

@article{Djouadi:1987gn,
	Author = {Djouadi, A. and Verzegnassi, C.},
	Doi = {10.1016/0370-2693(87)91206-8},
	Journal = {Phys. Lett.},
	Pages = {265-271},
	Reportnumber = {PM-87/13},
	Slaccitation = {%%CITATION = PHLTA,B195,265;%%},
	Title = {{Virtual Very Heavy Top Effects in LEP / SLC Precision Measurements}},
	Volume = {B195},
	Year = {1987},
	Bdsk-Url-1 = {http://dx.doi.org/10.1016/0370-2693(87)91206-8}}

@article{Djouadi:1987di,
	Author = {Djouadi, A.},
	Doi = {10.1007/BF02812964},
	Journal = {Nuovo Cim.},
	Pages = {357},
	Reportnumber = {PM/87-53},
	Slaccitation = {%%CITATION = NUCIA,A100,357;%%},
	Title = {{O(alpha alpha-s) Vacuum Polarization Functions of the Standard Model Gauge Bosons}},
	Volume = {A100},
	Year = {1988},
	Bdsk-Url-1 = {http://dx.doi.org/10.1007/BF02812964}}

@article{Kniehl:1989yc,
	Author = {Kniehl, Bernd A.},
	Doi = {10.1016/0550-3213(90)90552-O},
	Journal = {Nucl. Phys.},
	Pages = {86-104},
	Reportnumber = {MAD/PH/539},
	Slaccitation = {%%CITATION = NUPHA,B347,86;%%},
	Title = {{Two Loop Corrections to the Vacuum Polarizations in Perturbative QCD}},
	Volume = {B347},
	Year = {1990},
	Bdsk-Url-1 = {http://dx.doi.org/10.1016/0550-3213(90)90552-O}}

@article{Halzen:1990je,
	Author = {Halzen, Francis and Kniehl, Bernd A.},
	Doi = {10.1016/0550-3213(91)90319-S},
	Journal = {Nucl. Phys.},
	Pages = {567-590},
	Reportnumber = {MAD-PH-588},
	Slaccitation = {%%CITATION = NUPHA,B353,567;%%},
	Title = {{$\Delta$ r beyond one loop}},
	Volume = {B353},
	Year = {1991},
	Bdsk-Url-1 = {http://dx.doi.org/10.1016/0550-3213(91)90319-S}}

@article{Kniehl:1991gu,
	Author = {Kniehl, Bernd A. and Sirlin, Alberto},
	Doi = {10.1016/0550-3213(92)90232-Z},
	Journal = {Nucl. Phys.},
	Pages = {141-148},
	Reportnumber = {DESY-91-103, MAD-PH-670},
	Slaccitation = {%%CITATION = NUPHA,B371,141;%%},
	Title = {{Dispersion relations for vacuum polarization functions in electroweak physics}},
	Volume = {B371},
	Year = {1992},
	Bdsk-Url-1 = {http://dx.doi.org/10.1016/0550-3213(92)90232-Z}}

@article{Kniehl:1992dx,
	Author = {Kniehl, Bernd A. and Sirlin, Alberto},
	Doi = {10.1103/PhysRevD.47.883},
	Journal = {Phys. Rev.},
	Pages = {883-893},
	Reportnumber = {DESY-92-102, NYU-TR-92-09-04},
	Slaccitation = {%%CITATION = PHRVA,D47,883;%%},
	Title = {{On the effect of the $t \bar{t}$ threshold on electroweak parameters}},
	Volume = {D47},
	Year = {1993},
	Bdsk-Url-1 = {http://dx.doi.org/10.1103/PhysRevD.47.883}}

@article{Djouadi:1993ss,
	Archiveprefix = {arXiv},
	Author = {Djouadi, A. and Gambino, P.},
	Doi = {10.1103/PhysRevD.49.3499, 10.1103/PhysRevD.53.4111},
	Eprint = {hep-ph/9309298},
	Journal = {Phys. Rev.},
	Note = {[Erratum: Phys. Rev.D53,4111(1996)]},
	Pages = {3499-3511},
	Primaryclass = {hep-ph},
	Reportnumber = {UDEM-LPN-TH-93-169, NYU-TH-93-09-04},
	Slaccitation = {%%CITATION = HEP-PH/9309298;%%},
	Title = {{Electroweak gauge bosons selfenergies: Complete QCD corrections}},
	Volume = {D49},
	Year = {1994},
	Bdsk-Url-1 = {http://dx.doi.org/10.1103/PhysRevD.49.3499,%2010.1103/PhysRevD.53.4111}}

@article{Chetyrkin:1995ix,
	Archiveprefix = {arXiv},
	Author = {Chetyrkin, K. G. and Kuhn, Johann H. and Steinhauser, M.},
	Doi = {10.1016/0370-2693(95)00380-4},
	Eprint = {hep-ph/9502291},
	Journal = {Phys. Lett.},
	Pages = {331-338},
	Primaryclass = {hep-ph},
	Reportnumber = {TTP-95-03, TTP95-03},
	Slaccitation = {%%CITATION = HEP-PH/9502291;%%},
	Title = {{Corrections of order ${\cal O}(G_F M_t^2 \alpha_s^2)$ to the $\rho$ parameter}},
	Volume = {B351},
	Year = {1995},
	Bdsk-Url-1 = {http://dx.doi.org/10.1016/0370-2693(95)00380-4}}

@article{Chetyrkin:1995js,
	Archiveprefix = {arXiv},
	Author = {Chetyrkin, K. G. and Kuhn, Johann H. and Steinhauser, M.},
	Doi = {10.1103/PhysRevLett.75.3394},
	Eprint = {hep-ph/9504413},
	Journal = {Phys. Rev. Lett.},
	Pages = {3394-3397},
	Primaryclass = {hep-ph},
	Reportnumber = {SLAC-PUB-6851, SLAC-PUB-95-6851, TTP-95-13},
	Slaccitation = {%%CITATION = HEP-PH/9504413;%%},
	Title = {{QCD corrections from top quark to relations between electroweak parameters to order alpha-s**2}},
	Volume = {75},
	Year = {1995},
	Bdsk-Url-1 = {http://dx.doi.org/10.1103/PhysRevLett.75.3394}}

@article{Barbieri:1992nz,
	Archiveprefix = {arXiv},
	Author = {Barbieri, Riccardo and Beccaria, Matteo and Ciafaloni, Paolo and Curci, Giuseppe and Vicere, Andrea},
	Doi = {10.1016/0370-2693(93)90990-Y, 10.1016/0370-2693(92)91960-H},
	Eprint = {hep-ph/9205238},
	Journal = {Phys. Lett.},
	Note = {[Erratum: Phys. Lett.B312,511(1993)]},
	Pages = {95-98},
	Primaryclass = {hep-ph},
	Reportnumber = {IFUP-TH-20-92},
	Slaccitation = {%%CITATION = HEP-PH/9205238;%%},
	Title = {{Radiative correction effects of a very heavy top}},
	Volume = {B288},
	Year = {1992},
	Bdsk-Url-1 = {http://dx.doi.org/10.1016/0370-2693(93)90990-Y,%2010.1016/0370-2693(92)91960-H}}

@article{Barbieri:1992dq,
	Author = {Barbieri, Riccardo and Beccaria, Matteo and Ciafaloni, Paolo and Curci, Giuseppe and Vicere, Andrea},
	Doi = {10.1016/0550-3213(93)90448-X},
	Journal = {Nucl. Phys.},
	Pages = {105-127},
	Reportnumber = {CERN-TH-6713-92},
	Slaccitation = {%%CITATION = NUPHA,B409,105;%%},
	Title = {{Two loop heavy top effects in the Standard Model}},
	Volume = {B409},
	Year = {1993},
	Bdsk-Url-1 = {http://dx.doi.org/10.1016/0550-3213(93)90448-X}}

@article{Fleischer:1993ub,
	Author = {Fleischer, J. and Tarasov, O. V. and Jegerlehner, F.},
	Doi = {10.1016/0370-2693(93)90810-5},
	Journal = {Phys. Lett.},
	Pages = {249-256},
	Reportnumber = {BI-TP-93-24, PSI-PR-93-14},
	Slaccitation = {%%CITATION = PHLTA,B319,249;%%},
	Title = {{Two loop heavy top corrections to the rho parameter: A Simple formula valid for arbitrary Higgs mass}},
	Volume = {B319},
	Year = {1993},
	Bdsk-Url-1 = {http://dx.doi.org/10.1016/0370-2693(93)90810-5}}

@article{Fleischer:1994cb,
	Author = {Fleischer, J. and Tarasov, O. V. and Jegerlehner, F.},
	Doi = {10.1103/PhysRevD.51.3820},
	Journal = {Phys. Rev.},
	Pages = {3820-3837},
	Reportnumber = {PSI-PR-94-26},
	Slaccitation = {%%CITATION = PHRVA,D51,3820;%%},
	Title = {{Two loop large top mass corrections to electroweak parameters: Analytic results valid for arbitrary Higgs mass}},
	Volume = {D51},
	Year = {1995},
	Bdsk-Url-1 = {http://dx.doi.org/10.1103/PhysRevD.51.3820}}

@article{Degrassi:1996mg,
	Archiveprefix = {arXiv},
	Author = {Degrassi, G. and Gambino, P. and Vicini, A.},
	Doi = {10.1016/0370-2693(96)00720-4},
	Eprint = {hep-ph/9603374},
	Journal = {Phys. Lett.},
	Pages = {219-226},
	Primaryclass = {hep-ph},
	Reportnumber = {DFPD-96-TH-20, MPI-PHT-96-17},
	Slaccitation = {%%CITATION = HEP-PH/9603374;%%},
	Title = {{Two loop heavy top effects on the m(Z) - m(W) interdependence}},
	Volume = {B383},
	Year = {1996},
	Bdsk-Url-1 = {http://dx.doi.org/10.1016/0370-2693(96)00720-4}}

@article{Degrassi:1996ps,
	Archiveprefix = {arXiv},
	Author = {Degrassi, Giuseppe and Gambino, Paolo and Sirlin, Alberto},
	Doi = {10.1016/S0370-2693(96)01677-2},
	Eprint = {hep-ph/9611363},
	Journal = {Phys. Lett.},
	Pages = {188-194},
	Primaryclass = {hep-ph},
	Reportnumber = {NYU-TH-96-11-02, MPI-PHT-96-118},
	Slaccitation = {%%CITATION = HEP-PH/9611363;%%},
	Title = {{Precise calculation of M(W), sin**2 theta(W) (M(Z)), and sin**2 theta(eff)(lept)}},
	Volume = {B394},
	Year = {1997},
	Bdsk-Url-1 = {http://dx.doi.org/10.1016/S0370-2693(96)01677-2}}

@article{Degrassi:1999jd,
	Archiveprefix = {arXiv},
	Author = {Degrassi, Giuseppe and Gambino, Paolo},
	Doi = {10.1016/S0550-3213(99)00729-4},
	Eprint = {hep-ph/9905472},
	Journal = {Nucl. Phys.},
	Pages = {3-31},
	Primaryclass = {hep-ph},
	Reportnumber = {DFPD-99-TH-19, TUM-HEP-333-98, DFPD-99-TH-19-AND-TUM-HEP-333-98},
	Slaccitation = {%%CITATION = HEP-PH/9905472;%%},
	Title = {{Two loop heavy top corrections to the Z0 boson partial widths}},
	Volume = {B567},
	Year = {2000},
	Bdsk-Url-1 = {http://dx.doi.org/10.1016/S0550-3213(99)00729-4}}

@article{vanderBij:2000cg,
	Archiveprefix = {arXiv},
	Author = {van der Bij, J. J. and Chetyrkin, K. G. and Faisst, M. and Jikia, G. and Seidensticker, T.},
	Doi = {10.1016/S0370-2693(01)00002-8},
	Eprint = {hep-ph/0011373},
	Journal = {Phys. Lett.},
	Pages = {156-162},
	Primaryclass = {hep-ph},
	Reportnumber = {FREIBURG-THEP-00-16, TTP-00-26},
	Slaccitation = {%%CITATION = HEP-PH/0011373;%%},
	Title = {{Three loop leading top mass contributions to the rho parameter}},
	Volume = {B498},
	Year = {2001},
	Bdsk-Url-1 = {http://dx.doi.org/10.1016/S0370-2693(01)00002-8}}

@article{Faisst:2003px,
	Archiveprefix = {arXiv},
	Author = {Faisst, M. and Kuhn, Johann H. and Seidensticker, T. and Veretin, O.},
	Doi = {10.1016/S0550-3213(03)00450-4},
	Eprint = {hep-ph/0302275},
	Journal = {Nucl. Phys.},
	Pages = {649-662},
	Primaryclass = {hep-ph},
	Slaccitation = {%%CITATION = HEP-PH/0302275;%%},
	Title = {{Three loop top quark contributions to the rho parameter}},
	Volume = {B665},
	Year = {2003},
	Bdsk-Url-1 = {http://dx.doi.org/10.1016/S0550-3213(03)00450-4}}

@article{Freitas:2012sy,
	Archiveprefix = {arXiv},
	Author = {Freitas, Ayres and Huang, Yi-Cheng},
	Doi = {10.1007/JHEP05(2013)074, 10.1007/JHEP08(2012)050, 10.1007/JHEP10(2013)044},
	Eprint = {1205.0299},
	Journal = {JHEP},
	Note = {[Erratum: JHEP10,044(2013)]},
	Pages = {050},
	Primaryclass = {hep-ph},
	Slaccitation = {%%CITATION = ARXIV:1205.0299;%%},
	Title = {{Electroweak two-loop corrections to $sin^{2} \theta^{b \bar b}_{eff}$ and $R_{b}$ using numerical Mellin-Barnes integrals}},
	Volume = {08},
	Year = {2012},
	Bdsk-Url-1 = {http://dx.doi.org/10.1007/JHEP05(2013)074,%2010.1007/JHEP08(2012)050,%2010.1007/JHEP10(2013)044}}

@book{Bardin:1999ak,
	Author = {Bardin, Dmitri {\relax Yu}. and Passarino, G.},
	Journal = {Oxford, UK: Clarendon (1999) 685 p},
	Slaccitation = {%%CITATION = INSPIRE-513847;%%},
	Title = {{The standard model in the making: Precision study of the electroweak interactions}},
	Year = {1999}}

@misc{website,
	Collaboration = {HEPfit},
	Howpublished = {\url{http://hepfit.roma1.infn.it}}}
