@article{Awramik:2003rn,
      author         = "Awramik, M. and Czakon, M. and Freitas, A. and Weiglein,
                        G.",
      title          = "{Precise prediction for the MJ[W]MJ boson mass 
                        in the standard model}",
      journal        = "Phys.Rev.",
      volume         = "D69",
      pages          = "053006",
      doi            = "10.1103/PhysRevD.69.053006",
      year           = "2004 [hep-ph/0311148]",
      archivePrefix  = "arXiv",
      primaryClass   = "hep-ph",
      SLACcitation   = "%%CITATION = PHRVA,D69,053006;%%"
}

@article{Awramik:2004ge,
      author         = "Awramik, M. and Czakon, M. and Freitas, A. and Weiglein,
                        G.",
      title          = "{Complete two-loop electroweak fermionic corrections to
                        MJ[[BS]sin^2[BS]theta^\{[BS]rm lept\}_\{[BS]rm eff\}]MJ
                        and indirect  determination of the Higgs boson mass}",
      journal        = "Phys.Rev.Lett.",
      volume         = "93",
      pages          = "201805",
      doi            = "10.1103/PhysRevLett.93.201805",
      year           = "2004 [hep-ph/0407317]",
      archivePrefix  = "arXiv",
      primaryClass   = "hep-ph",
      SLACcitation   = "%%CITATION = PRLTA,93,201805;%%"
}

@article{Awramik:2006uz,
      author         = "Awramik, M. and Czakon, M. and Freitas, A.",
      title          = "{Electroweak two-loop corrections to the effective weak
                        mixing angle}",
      journal        = "JHEP",
      volume         = "0611",
      pages          = "048",
      doi            = "10.1088/1126-6708/2006/11/048",
      year           = "2006 [hep-ph/0608099]",
      archivePrefix  = "arXiv",
      primaryClass   = "hep-ph",
      SLACcitation   = "%%CITATION = JHEPA,0611,048;%%"
}  

@article{Awramik:2008gi,
      author         = "Awramik, M. and Czakon, M. and Freitas, A. and Kniehl,
                        B.A.",
      title          = "{Two-loop electroweak fermionic corrections to 
                        MJ[[BS]sin^2[BS]theta^\{b[BS]bar\{b\}\}_\{[BS]mathrm\{eff\}\}]MJ}",
      journal        = "Nucl.Phys.",
      volume         = "B813",
      pages          = "174-187",
      doi            = "10.1016/j.nuclphysb.2008.12.031",
      year           = "2009 [arXiv:0811.1364]",
      archivePrefix  = "arXiv",
      primaryClass   = "hep-ph",
      reportNumber   = "DESY-08-037",
      SLACcitation   = "%%CITATION = ARXIV:0811.1364;%%",
}

@article{Freitas:2012sy,
      author         = "Freitas, A. and Huang, Y.-C.",
      title          = "{Electroweak two-loop corrections to
                        MJ[[BS]sin^2[BS]theta_\{[BS]rm eff\}^\{b[BS]bar\{b\}\}]MJ 
                        and MJ[R_b]MJ using numerical
                        Mellin-Barnes integrals}",
      journal        = "JHEP",
      volume         = "1208",
      pages          = "050",
      doi            = "10.1007/JHEP08(2012)050",
      year           = "2012 [arXiv:1205.0299]",
      archivePrefix  = "arXiv",
      primaryClass   = "hep-ph",
      SLACcitation   = "%%CITATION = ARXIV:1205.0299;%%",
}

@article{Freitas:2013dpa,
      author         = "Freitas, A.",
      title          = "{Two-loop fermionic electroweak corrections to the
                        MJ[Z]MJ-boson width and production rate}",
      journal        = "Phys.Lett.",
      volume         = "B730",
      pages          = "50-52",
      doi            = "10.1016/j.physletb.2014.01.017",
      year           = "2014 [arXiv:1310.2256]",
      archivePrefix  = "arXiv",
      primaryClass   = "hep-ph",
      SLACcitation   = "%%CITATION = ARXIV:1310.2256;%%",
}

@article{Freitas:2014hra,
      author         = "Freitas, A.",
      title          = "{Higher-order electroweak corrections to the partial
                        widths and branching ratios of the MJ[Z]MJ boson}",
      year           = "arXiv:1401.2447",
      archivePrefix  = "arXiv",
      primaryClass   = "hep-ph",
      SLACcitation   = "%%CITATION = ARXIV:1401.2447;%%",
}



