@article{Lees:2013uzd,
      author         = "Lees, J. P. and others",
      title          = "{Measurement of an Excess of $\bar{B} \to D^{(*)}\tau^-\bar{\nu}_\tau$ Decays and Implications for Charged Higgs Bosons}",
      collaboration  = "BaBar",
      journal        = "Phys. Rev.",
      volume         = "D88",
      year           = "2013",
      number         = "7",
      pages          = "072012",
      doi            = "10.1103/PhysRevD.88.072012",
      eprint         = "1303.0571",
      archivePrefix  = "arXiv",
      primaryClass   = "hep-ex",
      reportNumber   = "BABAR-PUB-13-001, SLAC-PUB-15381",
      SLACcitation   = "%%CITATION = ARXIV:1303.0571;%%"
}

@article{Logan:2000iv,
      author         = "Logan, Heather E. and Nierste, Ulrich",
      title          = "{B($s$, $d^{)} \to \ell^+ \ell^-$ in a two Higgs doublet
                        model}",
      journal        = "Nucl. Phys.",
      volume         = "B586",
      year           = "2000",
      pages          = "39-55",
      doi            = "10.1016/S0550-3213(00)00417-X",
      eprint         = "hep-ph/0004139",
      archivePrefix  = "arXiv",
      primaryClass   = "hep-ph",
      reportNumber   = "FERMILAB-PUB-00-084-T",
      SLACcitation   = "%%CITATION = HEP-PH/0004139;%%"
}

@article{Hou:1992sy,
      author         = "Hou, Wei-Shu",
      title          = "{Enhanced charged Higgs boson effects in B- ---> tau
                        anti-neutrino, mu anti-neutrino and b ---> tau
                        anti-neutrino + X}",
      journal        = "Phys. Rev.",
      volume         = "D48",
      year           = "1993",
      pages          = "2342-2344",
      doi            = "10.1103/PhysRevD.48.2342",
      reportNumber   = "NTUTH-92-21",
      SLACcitation   = "%%CITATION = PHRVA,D48,2342;%%"
}

@article{Geng:1988bq,
      author         = "Geng, C. Q. and Ng, John N.",
      title          = "{Charged Higgs Effect in $B$)$d$)0 - $\bar{B}(d$)0
                        Mixing, $K \to \pi$ Neutrino Anti-neutrino Decay and Rare
                        Decays of $B$ Mesons}",
      journal        = "Phys. Rev.",
      volume         = "D38",
      year           = "1988",
      pages          = "2857",
      doi            = "10.1103/PhysRevD.38.2857, 10.1103/PhysRevD.41.1715",
      note           = "[Erratum: Phys. Rev.D41,1715(1990)]",
      reportNumber   = "TRI-PP-88-32",
      SLACcitation   = "%%CITATION = PHRVA,D38,2857;%%"
}

@article{Deschamps:2009rh,
      author         = "Deschamps, O. and Descotes-Genon, S. and Monteil, S. and
                        Niess, V. and T'Jampens, S. and Tisserand, V.",
      title          = "{The Two Higgs Doublet of Type II facing flavour physics
                        data}",
      journal        = "Phys. Rev.",
      volume         = "D82",
      year           = "2010",
      pages          = "073012",
      doi            = "10.1103/PhysRevD.82.073012",
      eprint         = "0907.5135",
      archivePrefix  = "arXiv",
      primaryClass   = "hep-ph",
      reportNumber   = "LPC-CF-2009-05, LPT-ORSAY-2009-43, LAPP-EXP-2009-03",
      SLACcitation   = "%%CITATION = ARXIV:0907.5135;%%"
}
